%YAML 1.1
%TAG !u! tag:unity3d.com,2011:
--- !u!241 &24100000
AudioMixerController:
  m_ObjectHideFlags: 0
  m_PrefabParentObject: {fileID: 0}
  m_PrefabInternal: {fileID: 0}
  m_Name: MasterMixer
  m_OutputGroup: {fileID: 0}
  m_MasterGroup: {fileID: 24300001}
  m_Snapshots:
  - {fileID: 24500003}
  - {fileID: 245000011323238316}
  m_StartSnapshot: {fileID: 24500003}
  m_SuspendThreshold: -80
  m_EnableSuspend: 1
  m_UpdateMode: 0
  m_ExposedParameters: []
  m_AudioMixerGroupViews:
  - guids:
    - cf81a7f8f0cc4be41a2e7f8758897440
    - 6de0149f088c6504f80c5ad210c9fc55
    - 9ca5cd3bd24d50545a81cb24ac1442d1
    name: View
  m_CurrentViewIndex: 0
  m_TargetSnapshot: {fileID: 24500003}
--- !u!243 &24300001
AudioMixerGroupController:
  m_ObjectHideFlags: 0
  m_PrefabParentObject: {fileID: 0}
  m_PrefabInternal: {fileID: 0}
  m_Name: Master
  m_AudioMixer: {fileID: 24100000}
  m_GroupID: cf81a7f8f0cc4be41a2e7f8758897440
  m_Children:
  - {fileID: 243000012260291752}
  - {fileID: 243000011842755588}
  m_Volume: 218e491f29cff2545bd40bd5d3638d85
  m_Pitch: 5aa2ff7a204dd3f4da70597a57a9098f
  m_Effects:
  - {fileID: 24400002}
  m_UserColorIndex: 0
  m_Mute: 0
  m_Solo: 0
  m_BypassEffects: 0
--- !u!244 &24400002
AudioMixerEffectController:
  m_ObjectHideFlags: 3
  m_PrefabParentObject: {fileID: 0}
  m_PrefabInternal: {fileID: 0}
  m_Name: 
  m_EffectID: 14e08b33fd10f8147ae34415042d03f8
  m_EffectName: Attenuation
  m_MixLevel: d3a55f8526b76f249aa51e4507131713
  m_Parameters: []
  m_SendTarget: {fileID: 0}
  m_EnableWetMix: 0
  m_Bypass: 0
--- !u!245 &24500003
AudioMixerSnapshotController:
  m_ObjectHideFlags: 0
  m_PrefabParentObject: {fileID: 0}
  m_PrefabInternal: {fileID: 0}
  m_Name: Unpaused
  m_AudioMixer: {fileID: 24100000}
  m_SnapshotID: c642bbc402e3793459a34824b4ba11bd
  m_FloatValues:
    a9f46861e84f87f4a940f6e543b049ba: 4680
    ad9d8905c7fb5e047bfe9c480fcef9c5: 5000
    8655b0b5abebac04b9549c8000c934fc: 0
  m_TransitionOverrides: {}
--- !u!243 &243000011842755588
AudioMixerGroupController:
  m_ObjectHideFlags: 0
  m_PrefabParentObject: {fileID: 0}
  m_PrefabInternal: {fileID: 0}
  m_Name: SoundEffects
  m_AudioMixer: {fileID: 24100000}
  m_GroupID: 9ca5cd3bd24d50545a81cb24ac1442d1
  m_Children: []
  m_Volume: 1c62d6f78149de14b9987e2884ddcc06
  m_Pitch: d9c28039f9783f24ebec9ff8feed49de
  m_Effects:
  - {fileID: 244000012057315790}
  m_UserColorIndex: 0
  m_Mute: 0
  m_Solo: 0
  m_BypassEffects: 0
--- !u!243 &243000012260291752
AudioMixerGroupController:
  m_ObjectHideFlags: 0
  m_PrefabParentObject: {fileID: 0}
  m_PrefabInternal: {fileID: 0}
  m_Name: Music
  m_AudioMixer: {fileID: 24100000}
  m_GroupID: 6de0149f088c6504f80c5ad210c9fc55
  m_Children: []
  m_Volume: 8655b0b5abebac04b9549c8000c934fc
  m_Pitch: af7aea0d81b4db341bb5c5f81b09097a
  m_Effects:
  - {fileID: 244000012891491326}
  - {fileID: 244000012055654082}
  m_UserColorIndex: 0
  m_Mute: 0
  m_Solo: 0
  m_BypassEffects: 0
--- !u!244 &244000012055654082
AudioMixerEffectController:
  m_ObjectHideFlags: 3
  m_PrefabParentObject: {fileID: 0}
  m_PrefabInternal: {fileID: 0}
  m_Name: 
  m_EffectID: 7eedb4bea45ed9e4196ed9ce1d79c72e
  m_EffectName: Lowpass Simple
  m_MixLevel: 1e23fae0f58770e40bd72032c7ace11e
  m_Parameters:
  - m_ParameterName: Cutoff freq
    m_GUID: ad9d8905c7fb5e047bfe9c480fcef9c5
  m_SendTarget: {fileID: 0}
  m_EnableWetMix: 0
  m_Bypass: 0
--- !u!244 &244000012057315790
AudioMixerEffectController:
  m_ObjectHideFlags: 3
  m_PrefabParentObject: {fileID: 0}
  m_PrefabInternal: {fileID: 0}
  m_Name: 
  m_EffectID: cac0cdcde72e9ed4f94ec2007846e9b6
  m_EffectName: Attenuation
  m_MixLevel: 57832e07d148fc7439a6c25be4237a55
  m_Parameters: []
  m_SendTarget: {fileID: 0}
  m_EnableWetMix: 0
  m_Bypass: 0
--- !u!244 &244000012891491326
AudioMixerEffectController:
  m_ObjectHideFlags: 3
  m_PrefabParentObject: {fileID: 0}
  m_PrefabInternal: {fileID: 0}
  m_Name: 
  m_EffectID: 4f247d2755b09b04faa24ecad913e473
  m_EffectName: Attenuation
  m_MixLevel: bc3761409c0a8fb4cb0bd02673c5df9e
  m_Parameters: []
  m_SendTarget: {fileID: 0}
  m_EnableWetMix: 0
  m_Bypass: 0
--- !u!245 &245000011323238316
AudioMixerSnapshotController:
  m_ObjectHideFlags: 0
  m_PrefabParentObject: {fileID: 0}
  m_PrefabInternal: {fileID: 0}
  m_Name: Paused
  m_AudioMixer: {fileID: 24100000}
  m_SnapshotID: 0528091cd1ac36d418f55e7a7a37c3d3
  m_FloatValues:
    a9f46861e84f87f4a940f6e543b049ba: 4680
    ad9d8905c7fb5e047bfe9c480fcef9c5: 500
  m_TransitionOverrides: {}
