%YAML 1.1
%TAG !u! tag:unity3d.com,2011:
--- !u!1001 &100100000
Prefab:
  m_ObjectHideFlags: 1
  serializedVersion: 2
  m_Modification:
    m_TransformParent: {fileID: 0}
    m_Modifications: []
    m_RemovedComponents: []
  m_ParentPrefab: {fileID: 0}
  m_RootGameObject: {fileID: 1000011588737300}
  m_IsPrefabParent: 1
--- !u!1 &1000010041969476
GameObject:
  m_ObjectHideFlags: 0
  m_PrefabParentObject: {fileID: 0}
  m_PrefabInternal: {fileID: 100100000}
  serializedVersion: 4
  m_Component:
  - 4: {fileID: 4000013412454524}
  m_Layer: 2
  m_Name: EthanSkeleton
  m_TagString: Untagged
  m_Icon: {fileID: 0}
  m_NavMeshLayer: 0
  m_StaticEditorFlags: 0
  m_IsActive: 1
--- !u!1 &1000010057791282
GameObject:
  m_ObjectHideFlags: 1
  m_PrefabParentObject: {fileID: 0}
  m_PrefabInternal: {fileID: 100100000}
  serializedVersion: 4
  m_Component:
  - 4: {fileID: 4000011493028318}
  m_Layer: 2
  m_Name: EthanLeftHandPinky4
  m_TagString: Untagged
  m_Icon: {fileID: 0}
  m_NavMeshLayer: 0
  m_StaticEditorFlags: 0
  m_IsActive: 1
--- !u!1 &1000010068506002
GameObject:
  m_ObjectHideFlags: 1
  m_PrefabParentObject: {fileID: 0}
  m_PrefabInternal: {fileID: 100100000}
  serializedVersion: 4
  m_Component:
  - 4: {fileID: 4000011635370994}
  m_Layer: 2
  m_Name: EthanLeftUpLeg
  m_TagString: Untagged
  m_Icon: {fileID: 0}
  m_NavMeshLayer: 0
  m_StaticEditorFlags: 0
  m_IsActive: 1
--- !u!1 &1000010097728704
GameObject:
  m_ObjectHideFlags: 1
  m_PrefabParentObject: {fileID: 0}
  m_PrefabInternal: {fileID: 100100000}
  serializedVersion: 4
  m_Component:
  - 4: {fileID: 4000011710284152}
  m_Layer: 2
  m_Name: EthanLeftHandThumb4
  m_TagString: Untagged
  m_Icon: {fileID: 0}
  m_NavMeshLayer: 0
  m_StaticEditorFlags: 0
  m_IsActive: 1
--- !u!1 &1000010125308250
GameObject:
  m_ObjectHideFlags: 1
  m_PrefabParentObject: {fileID: 0}
  m_PrefabInternal: {fileID: 100100000}
  serializedVersion: 4
  m_Component:
  - 4: {fileID: 4000012062830536}
  m_Layer: 2
  m_Name: EthanLeftHandPinky3
  m_TagString: Untagged
  m_Icon: {fileID: 0}
  m_NavMeshLayer: 0
  m_StaticEditorFlags: 0
  m_IsActive: 1
--- !u!1 &1000010163702200
GameObject:
  m_ObjectHideFlags: 1
  m_PrefabParentObject: {fileID: 0}
  m_PrefabInternal: {fileID: 100100000}
  serializedVersion: 4
  m_Component:
  - 4: {fileID: 4000013133807796}
  m_Layer: 2
  m_Name: EthanLeftToe2
  m_TagString: Untagged
  m_Icon: {fileID: 0}
  m_NavMeshLayer: 0
  m_StaticEditorFlags: 0
  m_IsActive: 1
--- !u!1 &1000010340281140
GameObject:
  m_ObjectHideFlags: 1
  m_PrefabParentObject: {fileID: 0}
  m_PrefabInternal: {fileID: 100100000}
  serializedVersion: 4
  m_Component:
  - 4: {fileID: 4000010262081698}
  m_Layer: 2
  m_Name: EthanLeftHandThumb2
  m_TagString: Untagged
  m_Icon: {fileID: 0}
  m_NavMeshLayer: 0
  m_StaticEditorFlags: 0
  m_IsActive: 1
--- !u!1 &1000010340290656
GameObject:
  m_ObjectHideFlags: 1
  m_PrefabParentObject: {fileID: 0}
  m_PrefabInternal: {fileID: 100100000}
  serializedVersion: 4
  m_Component:
  - 4: {fileID: 4000011810825514}
  m_Layer: 2
  m_Name: EthanRightForeArm
  m_TagString: Untagged
  m_Icon: {fileID: 0}
  m_NavMeshLayer: 0
  m_StaticEditorFlags: 0
  m_IsActive: 1
--- !u!1 &1000010341330046
GameObject:
  m_ObjectHideFlags: 1
  m_PrefabParentObject: {fileID: 0}
  m_PrefabInternal: {fileID: 100100000}
  serializedVersion: 4
  m_Component:
  - 4: {fileID: 4000011715838264}
  m_Layer: 2
  m_Name: EthanRightHandIndex1
  m_TagString: Untagged
  m_Icon: {fileID: 0}
  m_NavMeshLayer: 0
  m_StaticEditorFlags: 0
  m_IsActive: 1
--- !u!1 &1000010374250632
GameObject:
  m_ObjectHideFlags: 1
  m_PrefabParentObject: {fileID: 0}
  m_PrefabInternal: {fileID: 100100000}
  serializedVersion: 4
  m_Component:
  - 4: {fileID: 4000011891138064}
  m_Layer: 2
  m_Name: EthanHips
  m_TagString: Untagged
  m_Icon: {fileID: 0}
  m_NavMeshLayer: 0
  m_StaticEditorFlags: 0
  m_IsActive: 1
--- !u!1 &1000010399076564
GameObject:
  m_ObjectHideFlags: 1
  m_PrefabParentObject: {fileID: 0}
  m_PrefabInternal: {fileID: 100100000}
  serializedVersion: 4
  m_Component:
  - 4: {fileID: 4000012636298910}
  m_Layer: 2
  m_Name: EthanLeftHandIndex4
  m_TagString: Untagged
  m_Icon: {fileID: 0}
  m_NavMeshLayer: 0
  m_StaticEditorFlags: 0
  m_IsActive: 1
--- !u!1 &1000010402388810
GameObject:
  m_ObjectHideFlags: 1
  m_PrefabParentObject: {fileID: 0}
  m_PrefabInternal: {fileID: 100100000}
  serializedVersion: 4
  m_Component:
  - 4: {fileID: 4000010295493292}
  m_Layer: 2
  m_Name: EthanRightHandPinky3
  m_TagString: Untagged
  m_Icon: {fileID: 0}
  m_NavMeshLayer: 0
  m_StaticEditorFlags: 0
  m_IsActive: 1
--- !u!1 &1000010405698028
GameObject:
  m_ObjectHideFlags: 1
  m_PrefabParentObject: {fileID: 0}
  m_PrefabInternal: {fileID: 100100000}
  serializedVersion: 4
  m_Component:
  - 4: {fileID: 4000013345290414}
  m_Layer: 2
  m_Name: EthanRightHandPinky1
  m_TagString: Untagged
  m_Icon: {fileID: 0}
  m_NavMeshLayer: 0
  m_StaticEditorFlags: 0
  m_IsActive: 1
--- !u!1 &1000010560901752
GameObject:
  m_ObjectHideFlags: 1
  m_PrefabParentObject: {fileID: 0}
  m_PrefabInternal: {fileID: 100100000}
  serializedVersion: 4
  m_Component:
  - 4: {fileID: 4000012613320676}
  m_Layer: 2
  m_Name: EthanRightHandPinky4
  m_TagString: Untagged
  m_Icon: {fileID: 0}
  m_NavMeshLayer: 0
  m_StaticEditorFlags: 0
  m_IsActive: 1
--- !u!1 &1000010646811642
GameObject:
  m_ObjectHideFlags: 1
  m_PrefabParentObject: {fileID: 0}
  m_PrefabInternal: {fileID: 100100000}
  serializedVersion: 4
  m_Component:
  - 4: {fileID: 4000012668599106}
  m_Layer: 2
  m_Name: EthanSpine
  m_TagString: Untagged
  m_Icon: {fileID: 0}
  m_NavMeshLayer: 0
  m_StaticEditorFlags: 0
  m_IsActive: 1
--- !u!1 &1000010649637946
GameObject:
  m_ObjectHideFlags: 1
  m_PrefabParentObject: {fileID: 0}
  m_PrefabInternal: {fileID: 100100000}
  serializedVersion: 4
  m_Component:
  - 4: {fileID: 4000011311560576}
  m_Layer: 2
  m_Name: EthanRightHandPinky2
  m_TagString: Untagged
  m_Icon: {fileID: 0}
  m_NavMeshLayer: 0
  m_StaticEditorFlags: 0
  m_IsActive: 1
--- !u!1 &1000010679410866
GameObject:
  m_ObjectHideFlags: 1
  m_PrefabParentObject: {fileID: 0}
  m_PrefabInternal: {fileID: 100100000}
  serializedVersion: 4
  m_Component:
  - 4: {fileID: 4000013067766378}
  m_Layer: 2
  m_Name: EthanLeftHandIndex3
  m_TagString: Untagged
  m_Icon: {fileID: 0}
  m_NavMeshLayer: 0
  m_StaticEditorFlags: 0
  m_IsActive: 1
--- !u!1 &1000010747243878
GameObject:
  m_ObjectHideFlags: 1
  m_PrefabParentObject: {fileID: 0}
  m_PrefabInternal: {fileID: 100100000}
  serializedVersion: 4
  m_Component:
  - 4: {fileID: 4000014033194628}
  m_Layer: 2
  m_Name: EthanLeftHand
  m_TagString: Untagged
  m_Icon: {fileID: 0}
  m_NavMeshLayer: 0
  m_StaticEditorFlags: 0
  m_IsActive: 1
--- !u!1 &1000010852204774
GameObject:
  m_ObjectHideFlags: 1
  m_PrefabParentObject: {fileID: 0}
  m_PrefabInternal: {fileID: 100100000}
  serializedVersion: 4
  m_Component:
  - 4: {fileID: 4000011042467426}
  m_Layer: 2
  m_Name: EthanRightHandMiddle1
  m_TagString: Untagged
  m_Icon: {fileID: 0}
  m_NavMeshLayer: 0
  m_StaticEditorFlags: 0
  m_IsActive: 1
--- !u!1 &1000010854973144
GameObject:
  m_ObjectHideFlags: 1
  m_PrefabParentObject: {fileID: 0}
  m_PrefabInternal: {fileID: 100100000}
  serializedVersion: 4
  m_Component:
  - 4: {fileID: 4000011041843542}
  m_Layer: 2
  m_Name: EthanRightUpperLip
  m_TagString: Untagged
  m_Icon: {fileID: 0}
  m_NavMeshLayer: 0
  m_StaticEditorFlags: 0
  m_IsActive: 1
--- !u!1 &1000010863153110
GameObject:
  m_ObjectHideFlags: 1
  m_PrefabParentObject: {fileID: 0}
  m_PrefabInternal: {fileID: 100100000}
  serializedVersion: 4
  m_Component:
  - 4: {fileID: 4000012907707062}
  m_Layer: 2
  m_Name: EthanRightToe2
  m_TagString: Untagged
  m_Icon: {fileID: 0}
  m_NavMeshLayer: 0
  m_StaticEditorFlags: 0
  m_IsActive: 1
--- !u!1 &1000010920292528
GameObject:
  m_ObjectHideFlags: 1
  m_PrefabParentObject: {fileID: 0}
  m_PrefabInternal: {fileID: 100100000}
  serializedVersion: 4
  m_Component:
  - 4: {fileID: 4000011504660648}
  m_Layer: 2
  m_Name: EthanRightHandRing3
  m_TagString: Untagged
  m_Icon: {fileID: 0}
  m_NavMeshLayer: 0
  m_StaticEditorFlags: 0
  m_IsActive: 1
--- !u!1 &1000010969467862
GameObject:
  m_ObjectHideFlags: 1
  m_PrefabParentObject: {fileID: 0}
  m_PrefabInternal: {fileID: 100100000}
  serializedVersion: 4
  m_Component:
  - 4: {fileID: 4000011864972254}
  m_Layer: 2
  m_Name: EthanLeftHandThumb1
  m_TagString: Untagged
  m_Icon: {fileID: 0}
  m_NavMeshLayer: 0
  m_StaticEditorFlags: 0
  m_IsActive: 1
--- !u!1 &1000010980921446
GameObject:
  m_ObjectHideFlags: 1
  m_PrefabParentObject: {fileID: 0}
  m_PrefabInternal: {fileID: 100100000}
  serializedVersion: 4
  m_Component:
  - 4: {fileID: 4000012239083774}
  m_Layer: 2
  m_Name: EthanLeftShoulder
  m_TagString: Untagged
  m_Icon: {fileID: 0}
  m_NavMeshLayer: 0
  m_StaticEditorFlags: 0
  m_IsActive: 1
--- !u!1 &1000011055312690
GameObject:
  m_ObjectHideFlags: 1
  m_PrefabParentObject: {fileID: 0}
  m_PrefabInternal: {fileID: 100100000}
  serializedVersion: 4
  m_Component:
  - 4: {fileID: 4000013017244834}
  m_Layer: 2
  m_Name: EthanLeftEye
  m_TagString: Untagged
  m_Icon: {fileID: 0}
  m_NavMeshLayer: 0
  m_StaticEditorFlags: 0
  m_IsActive: 1
--- !u!1 &1000011144949424
GameObject:
  m_ObjectHideFlags: 1
  m_PrefabParentObject: {fileID: 0}
  m_PrefabInternal: {fileID: 100100000}
  serializedVersion: 4
  m_Component:
  - 4: {fileID: 4000010950046570}
  m_Layer: 2
  m_Name: EthanLeftHandMiddle1
  m_TagString: Untagged
  m_Icon: {fileID: 0}
  m_NavMeshLayer: 0
  m_StaticEditorFlags: 0
  m_IsActive: 1
--- !u!1 &1000011186821218
GameObject:
  m_ObjectHideFlags: 1
  m_PrefabParentObject: {fileID: 0}
  m_PrefabInternal: {fileID: 100100000}
  serializedVersion: 4
  m_Component:
  - 4: {fileID: 4000012431466954}
  - 108: {fileID: 108000012546467544}
  m_Layer: 0
  m_Name: Point light
  m_TagString: Untagged
  m_Icon: {fileID: 0}
  m_NavMeshLayer: 0
  m_StaticEditorFlags: 0
  m_IsActive: 1
--- !u!1 &1000011217860284
GameObject:
  m_ObjectHideFlags: 1
  m_PrefabParentObject: {fileID: 0}
  m_PrefabInternal: {fileID: 100100000}
  serializedVersion: 4
  m_Component:
  - 4: {fileID: 4000013142777364}
  m_Layer: 2
  m_Name: EthanLeftHandRing3
  m_TagString: Untagged
  m_Icon: {fileID: 0}
  m_NavMeshLayer: 0
  m_StaticEditorFlags: 0
  m_IsActive: 1
--- !u!1 &1000011310465590
GameObject:
  m_ObjectHideFlags: 1
  m_PrefabParentObject: {fileID: 0}
  m_PrefabInternal: {fileID: 100100000}
  serializedVersion: 4
  m_Component:
  - 4: {fileID: 4000013866937880}
  m_Layer: 2
  m_Name: EthanLeftHandPinky2
  m_TagString: Untagged
  m_Icon: {fileID: 0}
  m_NavMeshLayer: 0
  m_StaticEditorFlags: 0
  m_IsActive: 1
--- !u!1 &1000011339696660
GameObject:
  m_ObjectHideFlags: 1
  m_PrefabParentObject: {fileID: 0}
  m_PrefabInternal: {fileID: 100100000}
  serializedVersion: 4
  m_Component:
  - 4: {fileID: 4000013765543810}
  m_Layer: 2
  m_Name: EthanJaw
  m_TagString: Untagged
  m_Icon: {fileID: 0}
  m_NavMeshLayer: 0
  m_StaticEditorFlags: 0
  m_IsActive: 1
--- !u!1 &1000011356060070
GameObject:
  m_ObjectHideFlags: 1
  m_PrefabParentObject: {fileID: 0}
  m_PrefabInternal: {fileID: 100100000}
  serializedVersion: 4
  m_Component:
  - 4: {fileID: 4000013369715204}
  m_Layer: 2
  m_Name: EthanLeftHandIndex2
  m_TagString: Untagged
  m_Icon: {fileID: 0}
  m_NavMeshLayer: 0
  m_StaticEditorFlags: 0
  m_IsActive: 1
--- !u!1 &1000011358608426
GameObject:
  m_ObjectHideFlags: 1
  m_PrefabParentObject: {fileID: 0}
  m_PrefabInternal: {fileID: 100100000}
  serializedVersion: 4
  m_Component:
  - 4: {fileID: 4000011848653474}
  m_Layer: 2
  m_Name: EthanLeftHandMiddle3
  m_TagString: Untagged
  m_Icon: {fileID: 0}
  m_NavMeshLayer: 0
  m_StaticEditorFlags: 0
  m_IsActive: 1
--- !u!1 &1000011367601946
GameObject:
  m_ObjectHideFlags: 1
  m_PrefabParentObject: {fileID: 0}
  m_PrefabInternal: {fileID: 100100000}
  serializedVersion: 4
  m_Component:
  - 4: {fileID: 4000013521181584}
  m_Layer: 2
  m_Name: EthanLeftHandRing4
  m_TagString: Untagged
  m_Icon: {fileID: 0}
  m_NavMeshLayer: 0
  m_StaticEditorFlags: 0
  m_IsActive: 1
--- !u!1 &1000011373867630
GameObject:
  m_ObjectHideFlags: 1
  m_PrefabParentObject: {fileID: 0}
  m_PrefabInternal: {fileID: 100100000}
  serializedVersion: 4
  m_Component:
  - 4: {fileID: 4000013925043394}
  m_Layer: 2
  m_Name: EthanHead1
  m_TagString: Untagged
  m_Icon: {fileID: 0}
  m_NavMeshLayer: 0
  m_StaticEditorFlags: 0
  m_IsActive: 1
--- !u!1 &1000011438022784
GameObject:
  m_ObjectHideFlags: 1
  m_PrefabParentObject: {fileID: 0}
  m_PrefabInternal: {fileID: 100100000}
  serializedVersion: 4
  m_Component:
  - 4: {fileID: 4000011197318162}
  m_Layer: 2
  m_Name: EthanLeftForeArm
  m_TagString: Untagged
  m_Icon: {fileID: 0}
  m_NavMeshLayer: 0
  m_StaticEditorFlags: 0
  m_IsActive: 1
--- !u!1 &1000011492115278
GameObject:
  m_ObjectHideFlags: 1
  m_PrefabParentObject: {fileID: 0}
  m_PrefabInternal: {fileID: 100100000}
  serializedVersion: 4
  m_Component:
  - 4: {fileID: 4000012577102000}
  m_Layer: 2
  m_Name: EthanLeftToe1
  m_TagString: Untagged
  m_Icon: {fileID: 0}
  m_NavMeshLayer: 0
  m_StaticEditorFlags: 0
  m_IsActive: 1
--- !u!1 &1000011537025672
GameObject:
  m_ObjectHideFlags: 1
  m_PrefabParentObject: {fileID: 0}
  m_PrefabInternal: {fileID: 100100000}
  serializedVersion: 4
  m_Component:
  - 4: {fileID: 4000013446060922}
  m_Layer: 2
  m_Name: EthanRightHandIndex3
  m_TagString: Untagged
  m_Icon: {fileID: 0}
  m_NavMeshLayer: 0
  m_StaticEditorFlags: 0
  m_IsActive: 1
--- !u!1 &1000011588737300
GameObject:
  m_ObjectHideFlags: 0
  m_PrefabParentObject: {fileID: 0}
  m_PrefabInternal: {fileID: 100100000}
  serializedVersion: 4
  m_Component:
  - 4: {fileID: 4000010669789622}
  - 95: {fileID: 95000013354108702}
  - 54: {fileID: 54000011302994724}
  - 136: {fileID: 136000010355887214}
  - 114: {fileID: 114000012651644246}
  - 114: {fileID: 114000013984627732}
  m_Layer: 2
  m_Name: Player
  m_TagString: Player
  m_Icon: {fileID: 0}
  m_NavMeshLayer: 0
  m_StaticEditorFlags: 0
  m_IsActive: 1
--- !u!1 &1000011644881044
GameObject:
  m_ObjectHideFlags: 1
  m_PrefabParentObject: {fileID: 0}
  m_PrefabInternal: {fileID: 100100000}
  serializedVersion: 4
  m_Component:
  - 4: {fileID: 4000012965132712}
  m_Layer: 2
  m_Name: EthanRightHandRing4
  m_TagString: Untagged
  m_Icon: {fileID: 0}
  m_NavMeshLayer: 0
  m_StaticEditorFlags: 0
  m_IsActive: 1
--- !u!1 &1000011723451688
GameObject:
  m_ObjectHideFlags: 1
  m_PrefabParentObject: {fileID: 0}
  m_PrefabInternal: {fileID: 100100000}
  serializedVersion: 4
  m_Component:
  - 4: {fileID: 4000010184794148}
  m_Layer: 2
  m_Name: EthanRightHandRing1
  m_TagString: Untagged
  m_Icon: {fileID: 0}
  m_NavMeshLayer: 0
  m_StaticEditorFlags: 0
  m_IsActive: 1
--- !u!1 &1000011775807458
GameObject:
  m_ObjectHideFlags: 1
  m_PrefabParentObject: {fileID: 0}
  m_PrefabInternal: {fileID: 100100000}
  serializedVersion: 4
  m_Component:
  - 4: {fileID: 4000010211855492}
  m_Layer: 2
  m_Name: EthanLeftFoot
  m_TagString: Untagged
  m_Icon: {fileID: 0}
  m_NavMeshLayer: 0
  m_StaticEditorFlags: 0
  m_IsActive: 1
--- !u!1 &1000011792838322
GameObject:
  m_ObjectHideFlags: 1
  m_PrefabParentObject: {fileID: 0}
  m_PrefabInternal: {fileID: 100100000}
  serializedVersion: 4
  m_Component:
  - 4: {fileID: 4000012504592460}
  m_Layer: 2
  m_Name: EthanRightCorner
  m_TagString: Untagged
  m_Icon: {fileID: 0}
  m_NavMeshLayer: 0
  m_StaticEditorFlags: 0
  m_IsActive: 1
--- !u!1 &1000011802215088
GameObject:
  m_ObjectHideFlags: 1
  m_PrefabParentObject: {fileID: 0}
  m_PrefabInternal: {fileID: 100100000}
  serializedVersion: 4
  m_Component:
  - 4: {fileID: 4000011266456972}
  m_Layer: 2
  m_Name: EthanRightUpLeg
  m_TagString: Untagged
  m_Icon: {fileID: 0}
  m_NavMeshLayer: 0
  m_StaticEditorFlags: 0
  m_IsActive: 1
--- !u!1 &1000011814196522
GameObject:
  m_ObjectHideFlags: 1
  m_PrefabParentObject: {fileID: 0}
  m_PrefabInternal: {fileID: 100100000}
  serializedVersion: 4
  m_Component:
  - 4: {fileID: 4000014002482222}
  m_Layer: 2
  m_Name: EthanRightHandIndex2
  m_TagString: Untagged
  m_Icon: {fileID: 0}
  m_NavMeshLayer: 0
  m_StaticEditorFlags: 0
  m_IsActive: 1
--- !u!1 &1000011920525028
GameObject:
  m_ObjectHideFlags: 1
  m_PrefabParentObject: {fileID: 0}
  m_PrefabInternal: {fileID: 100100000}
  serializedVersion: 4
  m_Component:
  - 4: {fileID: 4000014198452510}
  m_Layer: 2
  m_Name: EthanRightFoot
  m_TagString: Untagged
  m_Icon: {fileID: 0}
  m_NavMeshLayer: 0
  m_StaticEditorFlags: 0
  m_IsActive: 1
--- !u!1 &1000011970538774
GameObject:
  m_ObjectHideFlags: 1
  m_PrefabParentObject: {fileID: 0}
  m_PrefabInternal: {fileID: 100100000}
  serializedVersion: 4
  m_Component:
  - 4: {fileID: 4000010220923992}
  m_Layer: 2
  m_Name: EthanRightBlink
  m_TagString: Untagged
  m_Icon: {fileID: 0}
  m_NavMeshLayer: 0
  m_StaticEditorFlags: 0
  m_IsActive: 1
--- !u!1 &1000012059286716
GameObject:
  m_ObjectHideFlags: 1
  m_PrefabParentObject: {fileID: 0}
  m_PrefabInternal: {fileID: 100100000}
  serializedVersion: 4
  m_Component:
  - 4: {fileID: 4000013679073064}
  m_Layer: 2
  m_Name: EthanLeftHandRing2
  m_TagString: Untagged
  m_Icon: {fileID: 0}
  m_NavMeshLayer: 0
  m_StaticEditorFlags: 0
  m_IsActive: 1
--- !u!1 &1000012249634780
GameObject:
  m_ObjectHideFlags: 1
  m_PrefabParentObject: {fileID: 0}
  m_PrefabInternal: {fileID: 100100000}
  serializedVersion: 4
  m_Component:
  - 4: {fileID: 4000013719220150}
  m_Layer: 2
  m_Name: EthanRightBrow
  m_TagString: Untagged
  m_Icon: {fileID: 0}
  m_NavMeshLayer: 0
  m_StaticEditorFlags: 0
  m_IsActive: 1
--- !u!1 &1000012259011128
GameObject:
  m_ObjectHideFlags: 1
  m_PrefabParentObject: {fileID: 0}
  m_PrefabInternal: {fileID: 100100000}
  serializedVersion: 4
  m_Component:
  - 4: {fileID: 4000013315574426}
  m_Layer: 2
  m_Name: EthanLowerLip
  m_TagString: Untagged
  m_Icon: {fileID: 0}
  m_NavMeshLayer: 0
  m_StaticEditorFlags: 0
  m_IsActive: 1
--- !u!1 &1000012298593486
GameObject:
  m_ObjectHideFlags: 1
  m_PrefabParentObject: {fileID: 0}
  m_PrefabInternal: {fileID: 100100000}
  serializedVersion: 4
  m_Component:
  - 4: {fileID: 4000013311144822}
  m_Layer: 2
  m_Name: EthanRightHandMiddle4
  m_TagString: Untagged
  m_Icon: {fileID: 0}
  m_NavMeshLayer: 0
  m_StaticEditorFlags: 0
  m_IsActive: 1
--- !u!1 &1000012304083010
GameObject:
  m_ObjectHideFlags: 1
  m_PrefabParentObject: {fileID: 0}
  m_PrefabInternal: {fileID: 100100000}
  serializedVersion: 4
  m_Component:
  - 4: {fileID: 4000011927626886}
  m_Layer: 2
  m_Name: EthanRightToe1
  m_TagString: Untagged
  m_Icon: {fileID: 0}
  m_NavMeshLayer: 0
  m_StaticEditorFlags: 0
  m_IsActive: 1
--- !u!1 &1000012311053760
GameObject:
  m_ObjectHideFlags: 1
  m_PrefabParentObject: {fileID: 0}
  m_PrefabInternal: {fileID: 100100000}
  serializedVersion: 4
  m_Component:
  - 4: {fileID: 4000013117459644}
  m_Layer: 2
  m_Name: EthanLeftHandThumb3
  m_TagString: Untagged
  m_Icon: {fileID: 0}
  m_NavMeshLayer: 0
  m_StaticEditorFlags: 0
  m_IsActive: 1
--- !u!1 &1000012328352018
GameObject:
  m_ObjectHideFlags: 0
  m_PrefabParentObject: {fileID: 0}
  m_PrefabInternal: {fileID: 100100000}
  serializedVersion: 4
  m_Component:
  - 4: {fileID: 4000010626095888}
  - 137: {fileID: 137000012744551658}
  m_Layer: 2
  m_Name: EthanGlasses
  m_TagString: Untagged
  m_Icon: {fileID: 0}
  m_NavMeshLayer: 0
  m_StaticEditorFlags: 0
  m_IsActive: 1
--- !u!1 &1000012338325122
GameObject:
  m_ObjectHideFlags: 1
  m_PrefabParentObject: {fileID: 0}
  m_PrefabInternal: {fileID: 100100000}
  serializedVersion: 4
  m_Component:
  - 4: {fileID: 4000013400802592}
  m_Layer: 2
  m_Name: EthanLeftHandMiddle4
  m_TagString: Untagged
  m_Icon: {fileID: 0}
  m_NavMeshLayer: 0
  m_StaticEditorFlags: 0
  m_IsActive: 1
--- !u!1 &1000012345002010
GameObject:
  m_ObjectHideFlags: 1
  m_PrefabParentObject: {fileID: 0}
  m_PrefabInternal: {fileID: 100100000}
  serializedVersion: 4
  m_Component:
  - 4: {fileID: 4000013253559748}
  m_Layer: 2
  m_Name: EthanSpine1
  m_TagString: Untagged
  m_Icon: {fileID: 0}
  m_NavMeshLayer: 0
  m_StaticEditorFlags: 0
  m_IsActive: 1
--- !u!1 &1000012358024360
GameObject:
  m_ObjectHideFlags: 1
  m_PrefabParentObject: {fileID: 0}
  m_PrefabInternal: {fileID: 100100000}
  serializedVersion: 4
  m_Component:
  - 4: {fileID: 4000011084389960}
  m_Layer: 2
  m_Name: EthanLeftHandIndex1
  m_TagString: Untagged
  m_Icon: {fileID: 0}
  m_NavMeshLayer: 0
  m_StaticEditorFlags: 0
  m_IsActive: 1
--- !u!1 &1000012428854136
GameObject:
  m_ObjectHideFlags: 1
  m_PrefabParentObject: {fileID: 0}
  m_PrefabInternal: {fileID: 100100000}
  serializedVersion: 4
  m_Component:
  - 4: {fileID: 4000012412165092}
  m_Layer: 2
  m_Name: EthanRightArm
  m_TagString: Untagged
  m_Icon: {fileID: 0}
  m_NavMeshLayer: 0
  m_StaticEditorFlags: 0
  m_IsActive: 1
--- !u!1 &1000012455214574
GameObject:
  m_ObjectHideFlags: 1
  m_PrefabParentObject: {fileID: 0}
  m_PrefabInternal: {fileID: 100100000}
  serializedVersion: 4
  m_Component:
  - 4: {fileID: 4000010043674174}
  - 108: {fileID: 108000011302163668}
  m_Layer: 0
  m_Name: Point light (1)
  m_TagString: Untagged
  m_Icon: {fileID: 0}
  m_NavMeshLayer: 0
  m_StaticEditorFlags: 0
  m_IsActive: 1
--- !u!1 &1000012613066888
GameObject:
  m_ObjectHideFlags: 1
  m_PrefabParentObject: {fileID: 0}
  m_PrefabInternal: {fileID: 100100000}
  serializedVersion: 4
  m_Component:
  - 4: {fileID: 4000012806276718}
  m_Layer: 2
  m_Name: EthanLeftArm
  m_TagString: Untagged
  m_Icon: {fileID: 0}
  m_NavMeshLayer: 0
  m_StaticEditorFlags: 0
  m_IsActive: 1
--- !u!1 &1000012627250932
GameObject:
  m_ObjectHideFlags: 1
  m_PrefabParentObject: {fileID: 0}
  m_PrefabInternal: {fileID: 100100000}
  serializedVersion: 4
  m_Component:
  - 4: {fileID: 4000011799105656}
  m_Layer: 2
  m_Name: EthanLeftCorner
  m_TagString: Untagged
  m_Icon: {fileID: 0}
  m_NavMeshLayer: 0
  m_StaticEditorFlags: 0
  m_IsActive: 1
--- !u!1 &1000012673474664
GameObject:
  m_ObjectHideFlags: 1
  m_PrefabParentObject: {fileID: 0}
  m_PrefabInternal: {fileID: 100100000}
  serializedVersion: 4
  m_Component:
  - 4: {fileID: 4000011949292812}
  m_Layer: 2
  m_Name: EthanSpine2
  m_TagString: Untagged
  m_Icon: {fileID: 0}
  m_NavMeshLayer: 0
  m_StaticEditorFlags: 0
  m_IsActive: 1
--- !u!1 &1000012746479774
GameObject:
  m_ObjectHideFlags: 1
  m_PrefabParentObject: {fileID: 0}
  m_PrefabInternal: {fileID: 100100000}
  serializedVersion: 4
  m_Component:
  - 4: {fileID: 4000014256115908}
  m_Layer: 2
  m_Name: EthanRightHand
  m_TagString: Untagged
  m_Icon: {fileID: 0}
  m_NavMeshLayer: 0
  m_StaticEditorFlags: 0
  m_IsActive: 1
--- !u!1 &1000012754540004
GameObject:
  m_ObjectHideFlags: 1
  m_PrefabParentObject: {fileID: 0}
  m_PrefabInternal: {fileID: 100100000}
  serializedVersion: 4
  m_Component:
  - 4: {fileID: 4000013695618954}
  m_Layer: 2
  m_Name: EthanRightEye
  m_TagString: Untagged
  m_Icon: {fileID: 0}
  m_NavMeshLayer: 0
  m_StaticEditorFlags: 0
  m_IsActive: 1
--- !u!1 &1000012771573426
GameObject:
  m_ObjectHideFlags: 1
  m_PrefabParentObject: {fileID: 0}
  m_PrefabInternal: {fileID: 100100000}
  serializedVersion: 4
  m_Component:
  - 4: {fileID: 4000012118462244}
  m_Layer: 2
  m_Name: EthanLeftLowerLip
  m_TagString: Untagged
  m_Icon: {fileID: 0}
  m_NavMeshLayer: 0
  m_StaticEditorFlags: 0
  m_IsActive: 1
--- !u!1 &1000012826982398
GameObject:
  m_ObjectHideFlags: 1
  m_PrefabParentObject: {fileID: 0}
  m_PrefabInternal: {fileID: 100100000}
  serializedVersion: 4
  m_Component:
  - 4: {fileID: 4000014019223166}
  m_Layer: 2
  m_Name: EthanRightHandRing2
  m_TagString: Untagged
  m_Icon: {fileID: 0}
  m_NavMeshLayer: 0
  m_StaticEditorFlags: 0
  m_IsActive: 1
--- !u!1 &1000012938214922
GameObject:
  m_ObjectHideFlags: 1
  m_PrefabParentObject: {fileID: 0}
  m_PrefabInternal: {fileID: 100100000}
  serializedVersion: 4
  m_Component:
  - 4: {fileID: 4000012263354814}
  m_Layer: 2
  m_Name: EthanLeftLeg
  m_TagString: Untagged
  m_Icon: {fileID: 0}
  m_NavMeshLayer: 0
  m_StaticEditorFlags: 0
  m_IsActive: 1
--- !u!1 &1000013124611500
GameObject:
  m_ObjectHideFlags: 1
  m_PrefabParentObject: {fileID: 0}
  m_PrefabInternal: {fileID: 100100000}
  serializedVersion: 4
  m_Component:
  - 4: {fileID: 4000013200436480}
  m_Layer: 2
  m_Name: EthanLeftBrow
  m_TagString: Untagged
  m_Icon: {fileID: 0}
  m_NavMeshLayer: 0
  m_StaticEditorFlags: 0
  m_IsActive: 1
--- !u!1 &1000013194070822
GameObject:
  m_ObjectHideFlags: 1
  m_PrefabParentObject: {fileID: 0}
  m_PrefabInternal: {fileID: 100100000}
  serializedVersion: 4
  m_Component:
  - 4: {fileID: 4000010724776736}
  m_Layer: 2
  m_Name: EthanRightHandThumb2
  m_TagString: Untagged
  m_Icon: {fileID: 0}
  m_NavMeshLayer: 0
  m_StaticEditorFlags: 0
  m_IsActive: 1
--- !u!1 &1000013204809642
GameObject:
  m_ObjectHideFlags: 1
  m_PrefabParentObject: {fileID: 0}
  m_PrefabInternal: {fileID: 100100000}
  serializedVersion: 4
  m_Component:
  - 4: {fileID: 4000012177408698}
  m_Layer: 2
  m_Name: EthanRightHandMiddle3
  m_TagString: Untagged
  m_Icon: {fileID: 0}
  m_NavMeshLayer: 0
  m_StaticEditorFlags: 0
  m_IsActive: 1
--- !u!1 &1000013253148560
GameObject:
  m_ObjectHideFlags: 1
  m_PrefabParentObject: {fileID: 0}
  m_PrefabInternal: {fileID: 100100000}
  serializedVersion: 4
  m_Component:
  - 4: {fileID: 4000012055189670}
  m_Layer: 2
  m_Name: EthanRightLowerLip
  m_TagString: Untagged
  m_Icon: {fileID: 0}
  m_NavMeshLayer: 0
  m_StaticEditorFlags: 0
  m_IsActive: 1
--- !u!1 &1000013308163236
GameObject:
  m_ObjectHideFlags: 1
  m_PrefabParentObject: {fileID: 0}
  m_PrefabInternal: {fileID: 100100000}
  serializedVersion: 4
  m_Component:
  - 4: {fileID: 4000011933295508}
  m_Layer: 2
  m_Name: EthanHead
  m_TagString: Untagged
  m_Icon: {fileID: 0}
  m_NavMeshLayer: 0
  m_StaticEditorFlags: 0
  m_IsActive: 1
--- !u!1 &1000013370457700
GameObject:
  m_ObjectHideFlags: 1
  m_PrefabParentObject: {fileID: 0}
  m_PrefabInternal: {fileID: 100100000}
  serializedVersion: 4
  m_Component:
  - 4: {fileID: 4000010073401360}
  m_Layer: 2
  m_Name: EthanLeftHandPinky1
  m_TagString: Untagged
  m_Icon: {fileID: 0}
  m_NavMeshLayer: 0
  m_StaticEditorFlags: 0
  m_IsActive: 1
--- !u!1 &1000013408660300
GameObject:
  m_ObjectHideFlags: 1
  m_PrefabParentObject: {fileID: 0}
  m_PrefabInternal: {fileID: 100100000}
  serializedVersion: 4
  m_Component:
  - 4: {fileID: 4000013694246900}
  m_Layer: 2
  m_Name: EthanRightLeg
  m_TagString: Untagged
  m_Icon: {fileID: 0}
  m_NavMeshLayer: 0
  m_StaticEditorFlags: 0
  m_IsActive: 1
--- !u!1 &1000013547810330
GameObject:
  m_ObjectHideFlags: 1
  m_PrefabParentObject: {fileID: 0}
  m_PrefabInternal: {fileID: 100100000}
  serializedVersion: 4
  m_Component:
  - 4: {fileID: 4000014151237114}
  m_Layer: 2
  m_Name: EthanLeftHandRing1
  m_TagString: Untagged
  m_Icon: {fileID: 0}
  m_NavMeshLayer: 0
  m_StaticEditorFlags: 0
  m_IsActive: 1
--- !u!1 &1000013571433242
GameObject:
  m_ObjectHideFlags: 0
  m_PrefabParentObject: {fileID: 0}
  m_PrefabInternal: {fileID: 100100000}
  serializedVersion: 4
  m_Component:
  - 4: {fileID: 4000010549897516}
  m_Layer: 2
  m_Name: LucesPlayer
  m_TagString: Untagged
  m_Icon: {fileID: 0}
  m_NavMeshLayer: 0
  m_StaticEditorFlags: 0
  m_IsActive: 1
--- !u!1 &1000013572181164
GameObject:
  m_ObjectHideFlags: 0
  m_PrefabParentObject: {fileID: 0}
  m_PrefabInternal: {fileID: 100100000}
  serializedVersion: 4
  m_Component:
  - 4: {fileID: 4000013097419994}
  - 137: {fileID: 137000010570330742}
  m_Layer: 2
  m_Name: EthanBody
  m_TagString: Untagged
  m_Icon: {fileID: 0}
  m_NavMeshLayer: 0
  m_StaticEditorFlags: 0
  m_IsActive: 1
--- !u!1 &1000013631317882
GameObject:
  m_ObjectHideFlags: 1
  m_PrefabParentObject: {fileID: 0}
  m_PrefabInternal: {fileID: 100100000}
  serializedVersion: 4
  m_Component:
  - 4: {fileID: 4000013336863242}
  m_Layer: 2
  m_Name: EthanUpperLip
  m_TagString: Untagged
  m_Icon: {fileID: 0}
  m_NavMeshLayer: 0
  m_StaticEditorFlags: 0
  m_IsActive: 1
--- !u!1 &1000013768546596
GameObject:
  m_ObjectHideFlags: 1
  m_PrefabParentObject: {fileID: 0}
  m_PrefabInternal: {fileID: 100100000}
  serializedVersion: 4
  m_Component:
  - 4: {fileID: 4000012973948570}
  m_Layer: 2
  m_Name: EthanLeftUpperLip
  m_TagString: Untagged
  m_Icon: {fileID: 0}
  m_NavMeshLayer: 0
  m_StaticEditorFlags: 0
  m_IsActive: 1
--- !u!1 &1000013773207088
GameObject:
  m_ObjectHideFlags: 1
  m_PrefabParentObject: {fileID: 0}
  m_PrefabInternal: {fileID: 100100000}
  serializedVersion: 4
  m_Component:
  - 4: {fileID: 4000012361362520}
  m_Layer: 2
  m_Name: EthanLeftHandMiddle2
  m_TagString: Untagged
  m_Icon: {fileID: 0}
  m_NavMeshLayer: 0
  m_StaticEditorFlags: 0
  m_IsActive: 1
--- !u!1 &1000013875865166
GameObject:
  m_ObjectHideFlags: 1
  m_PrefabParentObject: {fileID: 0}
  m_PrefabInternal: {fileID: 100100000}
  serializedVersion: 4
  m_Component:
  - 4: {fileID: 4000010897928654}
  m_Layer: 2
  m_Name: EthanRightShoulder
  m_TagString: Untagged
  m_Icon: {fileID: 0}
  m_NavMeshLayer: 0
  m_StaticEditorFlags: 0
  m_IsActive: 1
--- !u!1 &1000013885602472
GameObject:
  m_ObjectHideFlags: 1
  m_PrefabParentObject: {fileID: 0}
  m_PrefabInternal: {fileID: 100100000}
  serializedVersion: 4
  m_Component:
  - 4: {fileID: 4000013919359752}
  m_Layer: 2
  m_Name: EthanNeck
  m_TagString: Untagged
  m_Icon: {fileID: 0}
  m_NavMeshLayer: 0
  m_StaticEditorFlags: 0
  m_IsActive: 1
--- !u!1 &1000013923295390
GameObject:
  m_ObjectHideFlags: 1
  m_PrefabParentObject: {fileID: 0}
  m_PrefabInternal: {fileID: 100100000}
  serializedVersion: 4
  m_Component:
  - 4: {fileID: 4000012220413972}
  m_Layer: 2
  m_Name: EthanRightHandThumb4
  m_TagString: Untagged
  m_Icon: {fileID: 0}
  m_NavMeshLayer: 0
  m_StaticEditorFlags: 0
  m_IsActive: 1
--- !u!1 &1000013964356390
GameObject:
  m_ObjectHideFlags: 1
  m_PrefabParentObject: {fileID: 0}
  m_PrefabInternal: {fileID: 100100000}
  serializedVersion: 4
  m_Component:
  - 4: {fileID: 4000012417922032}
  m_Layer: 2
  m_Name: EthanLeftBlink
  m_TagString: Untagged
  m_Icon: {fileID: 0}
  m_NavMeshLayer: 0
  m_StaticEditorFlags: 0
  m_IsActive: 1
--- !u!1 &1000013975200162
GameObject:
  m_ObjectHideFlags: 1
  m_PrefabParentObject: {fileID: 0}
  m_PrefabInternal: {fileID: 100100000}
  serializedVersion: 4
  m_Component:
  - 4: {fileID: 4000010328137122}
  m_Layer: 2
  m_Name: EthanRightHandMiddle2
  m_TagString: Untagged
  m_Icon: {fileID: 0}
  m_NavMeshLayer: 0
  m_StaticEditorFlags: 0
  m_IsActive: 1
--- !u!1 &1000014010892500
GameObject:
  m_ObjectHideFlags: 1
  m_PrefabParentObject: {fileID: 0}
  m_PrefabInternal: {fileID: 100100000}
  serializedVersion: 4
  m_Component:
  - 4: {fileID: 4000013627103904}
  m_Layer: 2
  m_Name: EthanRightHandThumb1
  m_TagString: Untagged
  m_Icon: {fileID: 0}
  m_NavMeshLayer: 0
  m_StaticEditorFlags: 0
  m_IsActive: 1
--- !u!1 &1000014189119420
GameObject:
  m_ObjectHideFlags: 1
  m_PrefabParentObject: {fileID: 0}
  m_PrefabInternal: {fileID: 100100000}
  serializedVersion: 4
  m_Component:
  - 4: {fileID: 4000011794383474}
  m_Layer: 2
  m_Name: EthanRightHandIndex4
  m_TagString: Untagged
  m_Icon: {fileID: 0}
  m_NavMeshLayer: 0
  m_StaticEditorFlags: 0
  m_IsActive: 1
--- !u!1 &1000014256041790
GameObject:
  m_ObjectHideFlags: 1
  m_PrefabParentObject: {fileID: 0}
  m_PrefabInternal: {fileID: 100100000}
  serializedVersion: 4
  m_Component:
  - 4: {fileID: 4000012725493482}
  m_Layer: 2
  m_Name: EthanRightHandThumb3
  m_TagString: Untagged
  m_Icon: {fileID: 0}
  m_NavMeshLayer: 0
  m_StaticEditorFlags: 0
  m_IsActive: 1
--- !u!4 &4000010043674174
Transform:
  m_ObjectHideFlags: 1
  m_PrefabParentObject: {fileID: 0}
  m_PrefabInternal: {fileID: 100100000}
  m_GameObject: {fileID: 1000012455214574}
  m_LocalRotation: {x: -0, y: -0, z: -0, w: 1}
  m_LocalPosition: {x: 0.917, y: 1.172, z: 0}
  m_LocalScale: {x: 1, y: 1, z: 1}
  m_LocalEulerAnglesHint: {x: 0, y: 0, z: 0}
  m_Children: []
  m_Father: {fileID: 4000010549897516}
  m_RootOrder: 1
--- !u!4 &4000010073401360
Transform:
  m_ObjectHideFlags: 1
  m_PrefabParentObject: {fileID: 0}
  m_PrefabInternal: {fileID: 100100000}
  m_GameObject: {fileID: 1000013370457700}
  m_LocalRotation: {x: -0.18582396, y: 0.06116079, z: -0.22335929, w: 0.9549029}
  m_LocalPosition: {x: -0.006750703, y: 0.09838341, z: -0.005122389}
  m_LocalScale: {x: 1, y: 1, z: 1}
  m_LocalEulerAnglesHint: {x: 0, y: 0, z: 0}
  m_Children:
  - {fileID: 4000013866937880}
  m_Father: {fileID: 4000014033194628}
  m_RootOrder: 2
--- !u!4 &4000010184794148
Transform:
  m_ObjectHideFlags: 1
  m_PrefabParentObject: {fileID: 0}
  m_PrefabInternal: {fileID: 100100000}
  m_GameObject: {fileID: 1000011723451688}
  m_LocalRotation: {x: -0.09792694, y: -0.050185792, z: 0.13362315, w: -0.9849044}
  m_LocalPosition: {x: 0.01163534, y: 0.09708649, z: -0.00849495}
  m_LocalScale: {x: 1, y: 1, z: 1}
  m_LocalEulerAnglesHint: {x: 0, y: 0, z: 0}
  m_Children:
  - {fileID: 4000014019223166}
  m_Father: {fileID: 4000014256115908}
  m_RootOrder: 3
--- !u!4 &4000010211855492
Transform:
  m_ObjectHideFlags: 1
  m_PrefabParentObject: {fileID: 0}
  m_PrefabInternal: {fileID: 100100000}
  m_GameObject: {fileID: 1000011775807458}
  m_LocalRotation: {x: 0.13668168, y: -0.04348233, z: 0.097677015, w: -0.9848283}
  m_LocalPosition: {x: -0.2827791, y: 0.17187934, z: 0.031038813}
  m_LocalScale: {x: 1, y: 1, z: 1}
  m_LocalEulerAnglesHint: {x: 0, y: 0, z: 0}
  m_Children:
  - {fileID: 4000012577102000}
  m_Father: {fileID: 4000012263354814}
  m_RootOrder: 0
--- !u!4 &4000010220923992
Transform:
  m_ObjectHideFlags: 1
  m_PrefabParentObject: {fileID: 0}
  m_PrefabInternal: {fileID: 100100000}
  m_GameObject: {fileID: 1000011970538774}
  m_LocalRotation: {x: -0.44628233, y: 0.55759704, z: 0.54723495, w: -0.43640757}
  m_LocalPosition: {x: -0.08582671, y: -0.07248995, z: 0.033750787}
  m_LocalScale: {x: 1, y: 1, z: 1}
  m_LocalEulerAnglesHint: {x: 0, y: 0, z: 0}
  m_Children: []
  m_Father: {fileID: 4000011933295508}
  m_RootOrder: 5
--- !u!4 &4000010262081698
Transform:
  m_ObjectHideFlags: 1
  m_PrefabParentObject: {fileID: 0}
  m_PrefabInternal: {fileID: 100100000}
  m_GameObject: {fileID: 1000010340281140}
  m_LocalRotation: {x: -0.11251208, y: 0.038909316, z: -0.0909863, w: 0.98871064}
  m_LocalPosition: {x: -0.0031384204, y: 0.025515787, z: -0.014984604}
  m_LocalScale: {x: 1, y: 1, z: 1}
  m_LocalEulerAnglesHint: {x: 0, y: 0, z: 0}
  m_Children:
  - {fileID: 4000013117459644}
  m_Father: {fileID: 4000011864972254}
  m_RootOrder: 0
--- !u!4 &4000010295493292
Transform:
  m_ObjectHideFlags: 1
  m_PrefabParentObject: {fileID: 0}
  m_PrefabInternal: {fileID: 100100000}
  m_GameObject: {fileID: 1000010402388810}
  m_LocalRotation: {x: 0.01116865, y: -0.031096634, z: 0.036044937, w: -0.99880385}
  m_LocalPosition: {x: -0.01565034, y: 0.004325122, z: -0.010911376}
  m_LocalScale: {x: 1, y: 1, z: 1}
  m_LocalEulerAnglesHint: {x: 0, y: 0, z: 0}
  m_Children:
  - {fileID: 4000012613320676}
  m_Father: {fileID: 4000011311560576}
  m_RootOrder: 0
--- !u!4 &4000010328137122
Transform:
  m_ObjectHideFlags: 1
  m_PrefabParentObject: {fileID: 0}
  m_PrefabInternal: {fileID: 100100000}
  m_GameObject: {fileID: 1000013975200162}
  m_LocalRotation: {x: -0.0018739173, y: 0.005656509, z: 0.22114031, w: -0.97522384}
  m_LocalPosition: {x: 0.0037797387, y: 0.030145708, z: -0.011635989}
  m_LocalScale: {x: 1, y: 1, z: 1}
  m_LocalEulerAnglesHint: {x: 0, y: 0, z: 0}
  m_Children:
  - {fileID: 4000012177408698}
  m_Father: {fileID: 4000011042467426}
  m_RootOrder: 0
--- !u!4 &4000010549897516
Transform:
  m_ObjectHideFlags: 1
  m_PrefabParentObject: {fileID: 0}
  m_PrefabInternal: {fileID: 100100000}
  m_GameObject: {fileID: 1000013571433242}
  m_LocalRotation: {x: 0, y: 0, z: 0, w: 1}
  m_LocalPosition: {x: 0, y: 0, z: 0}
  m_LocalScale: {x: 1, y: 1, z: 1}
  m_LocalEulerAnglesHint: {x: 0, y: 0, z: 0}
  m_Children:
  - {fileID: 4000012431466954}
  - {fileID: 4000010043674174}
  m_Father: {fileID: 4000010669789622}
  m_RootOrder: 3
--- !u!4 &4000010626095888
Transform:
  m_ObjectHideFlags: 1
  m_PrefabParentObject: {fileID: 0}
  m_PrefabInternal: {fileID: 100100000}
  m_GameObject: {fileID: 1000012328352018}
  m_LocalRotation: {x: 0, y: 0, z: 0, w: 1}
  m_LocalPosition: {x: 0, y: 0, z: 0}
  m_LocalScale: {x: 1, y: 1, z: 1}
  m_LocalEulerAnglesHint: {x: 0, y: 0, z: 0}
  m_Children: []
  m_Father: {fileID: 4000010669789622}
  m_RootOrder: 1
--- !u!4 &4000010669789622
Transform:
  m_ObjectHideFlags: 1
  m_PrefabParentObject: {fileID: 0}
  m_PrefabInternal: {fileID: 100100000}
  m_GameObject: {fileID: 1000011588737300}
  m_LocalRotation: {x: 0, y: 0, z: 0, w: 1}
  m_LocalPosition: {x: 0, y: 0, z: 0}
  m_LocalScale: {x: 1, y: 1, z: 1}
  m_LocalEulerAnglesHint: {x: 0, y: 0, z: 0}
  m_Children:
  - {fileID: 4000013097419994}
  - {fileID: 4000010626095888}
  - {fileID: 4000013412454524}
  - {fileID: 4000010549897516}
  m_Father: {fileID: 0}
  m_RootOrder: 0
--- !u!4 &4000010724776736
Transform:
  m_ObjectHideFlags: 1
  m_PrefabParentObject: {fileID: 0}
  m_PrefabInternal: {fileID: 100100000}
  m_GameObject: {fileID: 1000013194070822}
  m_LocalRotation: {x: -0.13792871, y: 0.0449121, z: 0.06748974, w: -0.9871189}
  m_LocalPosition: {x: -0.0031383506, y: 0.025515646, z: 0.014984805}
  m_LocalScale: {x: 1, y: 1, z: 1}
  m_LocalEulerAnglesHint: {x: 0, y: 0, z: 0}
  m_Children:
  - {fileID: 4000012725493482}
  m_Father: {fileID: 4000013627103904}
  m_RootOrder: 0
--- !u!4 &4000010897928654
Transform:
  m_ObjectHideFlags: 1
  m_PrefabParentObject: {fileID: 0}
  m_PrefabInternal: {fileID: 100100000}
  m_GameObject: {fileID: 1000013875865166}
  m_LocalRotation: {x: -0.6021169, y: -0.09787571, z: -0.7852571, w: 0.10605182}
  m_LocalPosition: {x: 0.000022239758, y: -0.00006150279, z: 0.026027033}
  m_LocalScale: {x: 1, y: 1, z: 1}
  m_LocalEulerAnglesHint: {x: 0, y: 0, z: 0}
  m_Children:
  - {fileID: 4000012412165092}
  m_Father: {fileID: 4000013919359752}
  m_RootOrder: 2
--- !u!4 &4000010950046570
Transform:
  m_ObjectHideFlags: 1
  m_PrefabParentObject: {fileID: 0}
  m_PrefabInternal: {fileID: 100100000}
  m_GameObject: {fileID: 1000011144949424}
  m_LocalRotation: {x: -0.078841865, y: -0.037536867, z: 0.08147842, w: 0.9928425}
  m_LocalPosition: {x: 0.01339486, y: 0.08440531, z: 0.031651568}
  m_LocalScale: {x: 1, y: 1, z: 1}
  m_LocalEulerAnglesHint: {x: 0, y: 0, z: 0}
  m_Children:
  - {fileID: 4000012361362520}
  m_Father: {fileID: 4000014033194628}
  m_RootOrder: 1
--- !u!4 &4000011041843542
Transform:
  m_ObjectHideFlags: 1
  m_PrefabParentObject: {fileID: 0}
  m_PrefabInternal: {fileID: 100100000}
  m_GameObject: {fileID: 1000010854973144}
  m_LocalRotation: {x: -0.5, y: 0.5, z: 0.5000007, w: -0.49999928}
  m_LocalPosition: {x: 0.14274772, y: -0.07511473, z: 0.014226249}
  m_LocalScale: {x: 1, y: 1, z: 1}
  m_LocalEulerAnglesHint: {x: 0, y: 0, z: 0}
  m_Children: []
  m_Father: {fileID: 4000013925043394}
  m_RootOrder: 3
--- !u!4 &4000011042467426
Transform:
  m_ObjectHideFlags: 1
  m_PrefabParentObject: {fileID: 0}
  m_PrefabInternal: {fileID: 100100000}
  m_GameObject: {fileID: 1000010852204774}
  m_LocalRotation: {x: -0.08296105, y: -0.049604792, z: -0.10441749, w: -0.9898251}
  m_LocalPosition: {x: 0.013395313, y: 0.08440543, z: -0.03165109}
  m_LocalScale: {x: 1, y: 1, z: 1}
  m_LocalEulerAnglesHint: {x: 0, y: 0, z: 0}
  m_Children:
  - {fileID: 4000010328137122}
  m_Father: {fileID: 4000014256115908}
  m_RootOrder: 1
--- !u!4 &4000011084389960
Transform:
  m_ObjectHideFlags: 1
  m_PrefabParentObject: {fileID: 0}
  m_PrefabInternal: {fileID: 100100000}
  m_GameObject: {fileID: 1000012358024360}
  m_LocalRotation: {x: -0.04295012, y: -0.067197464, z: 0.007803167, w: 0.9967843}
  m_LocalPosition: {x: 0.01848251, y: 0.08044451, z: 0.051040214}
  m_LocalScale: {x: 1, y: 1, z: 1}
  m_LocalEulerAnglesHint: {x: 0, y: 0, z: 0}
  m_Children:
  - {fileID: 4000013369715204}
  m_Father: {fileID: 4000014033194628}
  m_RootOrder: 0
--- !u!4 &4000011197318162
Transform:
  m_ObjectHideFlags: 1
  m_PrefabParentObject: {fileID: 0}
  m_PrefabInternal: {fileID: 100100000}
  m_GameObject: {fileID: 1000011438022784}
  m_LocalRotation: {x: -0.100792244, y: 0.011552155, z: 0.08946143, w: 0.9908099}
  m_LocalPosition: {x: 0.08794453, y: -0.014121785, z: -0.22941965}
  m_LocalScale: {x: 1, y: 1, z: 1}
  m_LocalEulerAnglesHint: {x: 0, y: 0, z: 0}
  m_Children:
  - {fileID: 4000014033194628}
  m_Father: {fileID: 4000012806276718}
  m_RootOrder: 0
--- !u!4 &4000011266456972
Transform:
  m_ObjectHideFlags: 1
  m_PrefabParentObject: {fileID: 0}
  m_PrefabInternal: {fileID: 100100000}
  m_GameObject: {fileID: 1000011802215088}
  m_LocalRotation: {x: -0.0021183712, y: -0.99970347, z: 0.021426713, w: 0.011381537}
  m_LocalPosition: {x: 0.044804536, y: -0.0040028137, z: 0.07436303}
  m_LocalScale: {x: 1, y: 1, z: 1}
  m_LocalEulerAnglesHint: {x: 0, y: 0, z: 0}
  m_Children:
  - {fileID: 4000013694246900}
  m_Father: {fileID: 4000012668599106}
  m_RootOrder: 1
--- !u!4 &4000011311560576
Transform:
  m_ObjectHideFlags: 1
  m_PrefabParentObject: {fileID: 0}
  m_PrefabInternal: {fileID: 100100000}
  m_GameObject: {fileID: 1000010649637946}
  m_LocalRotation: {x: 0.002770804, y: -0.01745167, z: 0.020596704, w: -0.99963176}
  m_LocalPosition: {x: -0.010876542, y: 0.009546092, z: -0.009400754}
  m_LocalScale: {x: 1, y: 1, z: 1}
  m_LocalEulerAnglesHint: {x: 0, y: 0, z: 0}
  m_Children:
  - {fileID: 4000010295493292}
  m_Father: {fileID: 4000013345290414}
  m_RootOrder: 0
--- !u!4 &4000011493028318
Transform:
  m_ObjectHideFlags: 1
  m_PrefabParentObject: {fileID: 0}
  m_PrefabInternal: {fileID: 100100000}
  m_GameObject: {fileID: 1000010057791282}
  m_LocalRotation: {x: 8.326673e-17, y: 1.3877788e-17, z: -6.938894e-18, w: 1}
  m_LocalPosition: {x: -0.009463298, y: -0.002946482, z: 0.006961719}
  m_LocalScale: {x: 1, y: 1, z: 1}
  m_LocalEulerAnglesHint: {x: 0, y: 0, z: 0}
  m_Children: []
  m_Father: {fileID: 4000012062830536}
  m_RootOrder: 0
--- !u!4 &4000011504660648
Transform:
  m_ObjectHideFlags: 1
  m_PrefabParentObject: {fileID: 0}
  m_PrefabInternal: {fileID: 100100000}
  m_GameObject: {fileID: 1000010920292528}
  m_LocalRotation: {x: 0.04059987, y: 0.0024070437, z: -0.05223464, w: -0.9978063}
  m_LocalPosition: {x: -0.015814973, y: 0.0064337556, z: -0.012026326}
  m_LocalScale: {x: 1, y: 1, z: 1}
  m_LocalEulerAnglesHint: {x: 0, y: 0, z: 0}
  m_Children:
  - {fileID: 4000012965132712}
  m_Father: {fileID: 4000014019223166}
  m_RootOrder: 0
--- !u!4 &4000011635370994
Transform:
  m_ObjectHideFlags: 1
  m_PrefabParentObject: {fileID: 0}
  m_PrefabInternal: {fileID: 100100000}
  m_GameObject: {fileID: 1000010068506002}
  m_LocalRotation: {x: -0.010433775, y: -0.99942756, z: 0.023659287, w: -0.02181959}
  m_LocalPosition: {x: 0.044804923, y: -0.0040024375, z: -0.07436283}
  m_LocalScale: {x: 1, y: 1, z: 1}
  m_LocalEulerAnglesHint: {x: 0, y: 0, z: 0}
  m_Children:
  - {fileID: 4000012263354814}
  m_Father: {fileID: 4000012668599106}
  m_RootOrder: 0
--- !u!4 &4000011710284152
Transform:
  m_ObjectHideFlags: 1
  m_PrefabParentObject: {fileID: 0}
  m_PrefabInternal: {fileID: 100100000}
  m_GameObject: {fileID: 1000010097728704}
  m_LocalRotation: {x: 2.220446e-16, y: 0, z: -0, w: 1}
  m_LocalPosition: {x: -0.016609639, y: 0.007850524, z: -0.014726918}
  m_LocalScale: {x: 1, y: 1, z: 1}
  m_LocalEulerAnglesHint: {x: 0, y: 0, z: 0}
  m_Children: []
  m_Father: {fileID: 4000013117459644}
  m_RootOrder: 0
--- !u!4 &4000011715838264
Transform:
  m_ObjectHideFlags: 1
  m_PrefabParentObject: {fileID: 0}
  m_PrefabInternal: {fileID: 100100000}
  m_GameObject: {fileID: 1000010341330046}
  m_LocalRotation: {x: -0.036250707, y: -0.068436615, z: -0.0123184305, w: -0.9969206}
  m_LocalPosition: {x: 0.01848279, y: 0.08044468, z: -0.051039796}
  m_LocalScale: {x: 1, y: 1, z: 1}
  m_LocalEulerAnglesHint: {x: 0, y: 0, z: 0}
  m_Children:
  - {fileID: 4000014002482222}
  m_Father: {fileID: 4000014256115908}
  m_RootOrder: 0
--- !u!4 &4000011794383474
Transform:
  m_ObjectHideFlags: 1
  m_PrefabParentObject: {fileID: 0}
  m_PrefabInternal: {fileID: 100100000}
  m_GameObject: {fileID: 1000014189119420}
  m_LocalRotation: {x: 0.48288566, y: 0, z: -0, w: 0.8756834}
  m_LocalPosition: {x: -0.020055542, y: 0.0045875087, z: -0.007730851}
  m_LocalScale: {x: 1, y: 1, z: 1}
  m_LocalEulerAnglesHint: {x: 0, y: 0, z: 0}
  m_Children: []
  m_Father: {fileID: 4000013446060922}
  m_RootOrder: 0
--- !u!4 &4000011799105656
Transform:
  m_ObjectHideFlags: 1
  m_PrefabParentObject: {fileID: 0}
  m_PrefabInternal: {fileID: 100100000}
  m_GameObject: {fileID: 1000012627250932}
  m_LocalRotation: {x: -0.5, y: 0.5, z: 0.5000007, w: -0.49999928}
  m_LocalPosition: {x: 0.14939941, y: -0.06769698, z: -0.024466591}
  m_LocalScale: {x: 1, y: 1, z: 1}
  m_LocalEulerAnglesHint: {x: 0, y: 0, z: 0}
  m_Children: []
  m_Father: {fileID: 4000013925043394}
  m_RootOrder: 0
--- !u!4 &4000011810825514
Transform:
  m_ObjectHideFlags: 1
  m_PrefabParentObject: {fileID: 0}
  m_PrefabInternal: {fileID: 100100000}
  m_GameObject: {fileID: 1000010340290656}
  m_LocalRotation: {x: 0.05128781, y: -0.004138708, z: 0.08045311, w: 0.99542946}
  m_LocalPosition: {x: 0.08794534, y: -0.014121942, z: 0.22941928}
  m_LocalScale: {x: 1, y: 1, z: 1}
  m_LocalEulerAnglesHint: {x: 0, y: 0, z: 0}
  m_Children:
  - {fileID: 4000014256115908}
  m_Father: {fileID: 4000012412165092}
  m_RootOrder: 0
--- !u!4 &4000011848653474
Transform:
  m_ObjectHideFlags: 1
  m_PrefabParentObject: {fileID: 0}
  m_PrefabInternal: {fileID: 100100000}
  m_GameObject: {fileID: 1000011358608426}
  m_LocalRotation: {x: 0.09832558, y: -0.017407298, z: 0.08171112, w: 0.9916413}
  m_LocalPosition: {x: -0.017910207, y: 0.014383979, z: 0.013012279}
  m_LocalScale: {x: 1, y: 1, z: 1}
  m_LocalEulerAnglesHint: {x: 0, y: 0, z: 0}
  m_Children:
  - {fileID: 4000013400802592}
  m_Father: {fileID: 4000012361362520}
  m_RootOrder: 0
--- !u!4 &4000011864972254
Transform:
  m_ObjectHideFlags: 1
  m_PrefabParentObject: {fileID: 0}
  m_PrefabInternal: {fileID: 100100000}
  m_GameObject: {fileID: 1000010969467862}
  m_LocalRotation: {x: 0.6743957, y: -0.31025165, z: -0.012791304, w: 0.6699036}
  m_LocalPosition: {x: -0.004633831, y: 0.028035663, z: 0.04895333}
  m_LocalScale: {x: 1, y: 1, z: 1}
  m_LocalEulerAnglesHint: {x: 0, y: 0, z: 0}
  m_Children:
  - {fileID: 4000010262081698}
  m_Father: {fileID: 4000014033194628}
  m_RootOrder: 4
--- !u!4 &4000011891138064
Transform:
  m_ObjectHideFlags: 1
  m_PrefabParentObject: {fileID: 0}
  m_PrefabInternal: {fileID: 100100000}
  m_GameObject: {fileID: 1000010374250632}
  m_LocalRotation: {x: -0.6996607, y: 0.69130695, z: 0.13110179, w: -0.12402406}
  m_LocalPosition: {x: -1.0424709, y: 0.7855252, z: 1.7378855}
  m_LocalScale: {x: 1, y: 1, z: 1}
  m_LocalEulerAnglesHint: {x: 0, y: 0, z: 0}
  m_Children:
  - {fileID: 4000012668599106}
  m_Father: {fileID: 4000013412454524}
  m_RootOrder: 0
--- !u!4 &4000011927626886
Transform:
  m_ObjectHideFlags: 1
  m_PrefabParentObject: {fileID: 0}
  m_PrefabInternal: {fileID: 100100000}
  m_GameObject: {fileID: 1000012304083010}
  m_LocalRotation: {x: 0.010530664, y: -0.01053057, z: -0.7642235, w: 0.6447795}
  m_LocalPosition: {x: -0.08551732, y: -0.110057235, z: 0.000000007450584}
  m_LocalScale: {x: 1, y: 1, z: 1}
  m_LocalEulerAnglesHint: {x: 0, y: 0, z: 0}
  m_Children:
  - {fileID: 4000012907707062}
  m_Father: {fileID: 4000014198452510}
  m_RootOrder: 0
--- !u!4 &4000011933295508
Transform:
  m_ObjectHideFlags: 1
  m_PrefabParentObject: {fileID: 0}
  m_PrefabInternal: {fileID: 100100000}
  m_GameObject: {fileID: 1000013308163236}
  m_LocalRotation: {x: 0.051678527, y: -0.010055812, z: -0.011036693, w: -0.9985522}
  m_LocalPosition: {x: -0.090650044, y: -0.04112215, z: 0.00000007078052}
  m_LocalScale: {x: 1, y: 1, z: 1}
  m_LocalEulerAnglesHint: {x: 0, y: 0, z: 0}
  m_Children:
  - {fileID: 4000013925043394}
  - {fileID: 4000013765543810}
  - {fileID: 4000012417922032}
  - {fileID: 4000013200436480}
  - {fileID: 4000013017244834}
  - {fileID: 4000010220923992}
  - {fileID: 4000013719220150}
  - {fileID: 4000013695618954}
  m_Father: {fileID: 4000013919359752}
  m_RootOrder: 0
--- !u!4 &4000011949292812
Transform:
  m_ObjectHideFlags: 1
  m_PrefabParentObject: {fileID: 0}
  m_PrefabInternal: {fileID: 100100000}
  m_GameObject: {fileID: 1000012673474664}
  m_LocalRotation: {x: -0.008405189, y: -0.003155792, z: -0.0032025198, w: 0.99995464}
  m_LocalPosition: {x: -0.12695542, y: 0.022281721, z: -0.0000002710148}
  m_LocalScale: {x: 1, y: 1, z: 1}
  m_LocalEulerAnglesHint: {x: 0, y: 0, z: 0}
  m_Children:
  - {fileID: 4000013919359752}
  m_Father: {fileID: 4000013253559748}
  m_RootOrder: 0
--- !u!4 &4000012055189670
Transform:
  m_ObjectHideFlags: 1
  m_PrefabParentObject: {fileID: 0}
  m_PrefabInternal: {fileID: 100100000}
  m_GameObject: {fileID: 1000013253148560}
  m_LocalRotation: {x: 0, y: 0, z: 0, w: 1}
  m_LocalPosition: {x: 0.044976283, y: 0.019223755, z: -0.014150911}
  m_LocalScale: {x: 1, y: 1, z: 1}
  m_LocalEulerAnglesHint: {x: 0, y: 0, z: 0}
  m_Children: []
  m_Father: {fileID: 4000013765543810}
  m_RootOrder: 2
--- !u!4 &4000012062830536
Transform:
  m_ObjectHideFlags: 1
  m_PrefabParentObject: {fileID: 0}
  m_PrefabInternal: {fileID: 100100000}
  m_GameObject: {fileID: 1000010125308250}
  m_LocalRotation: {x: 0.062015075, y: -0.04536279, z: 0.03268102, w: 0.9965081}
  m_LocalPosition: {x: -0.015597293, y: 0.0034428444, z: 0.01129451}
  m_LocalScale: {x: 1, y: 1, z: 1}
  m_LocalEulerAnglesHint: {x: 0, y: 0, z: 0}
  m_Children:
  - {fileID: 4000011493028318}
  m_Father: {fileID: 4000013866937880}
  m_RootOrder: 0
--- !u!4 &4000012118462244
Transform:
  m_ObjectHideFlags: 1
  m_PrefabParentObject: {fileID: 0}
  m_PrefabInternal: {fileID: 100100000}
  m_GameObject: {fileID: 1000012771573426}
  m_LocalRotation: {x: 5.54211e-23, y: 0, z: -0, w: 1}
  m_LocalPosition: {x: 0.044976283, y: -0.009381128, z: -0.014150948}
  m_LocalScale: {x: 1, y: 1, z: 1}
  m_LocalEulerAnglesHint: {x: 0, y: 0, z: 0}
  m_Children: []
  m_Father: {fileID: 4000013765543810}
  m_RootOrder: 0
--- !u!4 &4000012177408698
Transform:
  m_ObjectHideFlags: 1
  m_PrefabParentObject: {fileID: 0}
  m_PrefabInternal: {fileID: 100100000}
  m_GameObject: {fileID: 1000013204809642}
  m_LocalRotation: {x: 0.051246095, y: -0.0115083, z: -0.0032691709, w: -0.99861443}
  m_LocalPosition: {x: -0.017910058, y: 0.0143841095, z: -0.013012125}
  m_LocalScale: {x: 1, y: 1, z: 1}
  m_LocalEulerAnglesHint: {x: 0, y: 0, z: 0}
  m_Children:
  - {fileID: 4000013311144822}
  m_Father: {fileID: 4000010328137122}
  m_RootOrder: 0
--- !u!4 &4000012220413972
Transform:
  m_ObjectHideFlags: 1
  m_PrefabParentObject: {fileID: 0}
  m_PrefabInternal: {fileID: 100100000}
  m_GameObject: {fileID: 1000013923295390}
  m_LocalRotation: {x: -0.8654032, y: 0, z: 0, w: 0.5010762}
  m_LocalPosition: {x: -0.016609553, y: 0.007850429, z: 0.0147271305}
  m_LocalScale: {x: 1, y: 1, z: 1}
  m_LocalEulerAnglesHint: {x: 0, y: 0, z: 0}
  m_Children: []
  m_Father: {fileID: 4000012725493482}
  m_RootOrder: 0
--- !u!4 &4000012239083774
Transform:
  m_ObjectHideFlags: 1
  m_PrefabParentObject: {fileID: 0}
  m_PrefabInternal: {fileID: 100100000}
  m_GameObject: {fileID: 1000010980921446}
  m_LocalRotation: {x: 0.58250856, y: 0.10051011, z: -0.79967475, w: 0.10536555}
  m_LocalPosition: {x: 0.00002229044, y: -0.00006138967, z: -0.026027039}
  m_LocalScale: {x: 1, y: 1, z: 1}
  m_LocalEulerAnglesHint: {x: 0, y: 0, z: 0}
  m_Children:
  - {fileID: 4000012806276718}
  m_Father: {fileID: 4000013919359752}
  m_RootOrder: 1
--- !u!4 &4000012263354814
Transform:
  m_ObjectHideFlags: 1
  m_PrefabParentObject: {fileID: 0}
  m_PrefabInternal: {fileID: 100100000}
  m_GameObject: {fileID: 1000012938214922}
  m_LocalRotation: {x: -0.0065015233, y: 0.00063960993, z: 0.10514026, w: 0.99443597}
  m_LocalPosition: {x: -0.3547824, y: -0.04804071, z: 0.03675416}
  m_LocalScale: {x: 1, y: 1, z: 1}
  m_LocalEulerAnglesHint: {x: 0, y: 0, z: 0}
  m_Children:
  - {fileID: 4000010211855492}
  m_Father: {fileID: 4000011635370994}
  m_RootOrder: 0
--- !u!4 &4000012361362520
Transform:
  m_ObjectHideFlags: 1
  m_PrefabParentObject: {fileID: 0}
  m_PrefabInternal: {fileID: 100100000}
  m_GameObject: {fileID: 1000013773207088}
  m_LocalRotation: {x: -0.011894821, y: 0.01011009, z: -0.24892886, w: 0.96839595}
  m_LocalPosition: {x: 0.003779464, y: 0.030145714, z: 0.0116361445}
  m_LocalScale: {x: 1, y: 1, z: 1}
  m_LocalEulerAnglesHint: {x: 0, y: 0, z: 0}
  m_Children:
  - {fileID: 4000011848653474}
  m_Father: {fileID: 4000010950046570}
  m_RootOrder: 0
--- !u!4 &4000012412165092
Transform:
  m_ObjectHideFlags: 1
  m_PrefabParentObject: {fileID: 0}
  m_PrefabInternal: {fileID: 100100000}
  m_GameObject: {fileID: 1000012428854136}
  m_LocalRotation: {x: 0.016043989, y: -0.2554479, z: 0.1242987, w: 0.95866513}
  m_LocalPosition: {x: 0.08180684, y: 0.009300274, z: 0.096346214}
  m_LocalScale: {x: 1, y: 1, z: 1}
  m_LocalEulerAnglesHint: {x: 0, y: 0, z: 0}
  m_Children:
  - {fileID: 4000011810825514}
  m_Father: {fileID: 4000010897928654}
  m_RootOrder: 0
--- !u!4 &4000012417922032
Transform:
  m_ObjectHideFlags: 1
  m_PrefabParentObject: {fileID: 0}
  m_PrefabInternal: {fileID: 100100000}
  m_GameObject: {fileID: 1000013964356390}
  m_LocalRotation: {x: -0.43938157, y: 0.5540251, z: 0.55402577, w: -0.4393808}
  m_LocalPosition: {x: -0.08582658, y: -0.07248985, z: -0.023909489}
  m_LocalScale: {x: 1, y: 1, z: 1}
  m_LocalEulerAnglesHint: {x: 0, y: 0, z: 0}
  m_Children: []
  m_Father: {fileID: 4000011933295508}
  m_RootOrder: 2
--- !u!4 &4000012431466954
Transform:
  m_ObjectHideFlags: 1
  m_PrefabParentObject: {fileID: 0}
  m_PrefabInternal: {fileID: 100100000}
  m_GameObject: {fileID: 1000011186821218}
  m_LocalRotation: {x: -0, y: -0, z: -0, w: 1}
  m_LocalPosition: {x: -0.679, y: 1.172, z: 0}
  m_LocalScale: {x: 1, y: 1, z: 1}
  m_LocalEulerAnglesHint: {x: 0, y: 0, z: 0}
  m_Children: []
  m_Father: {fileID: 4000010549897516}
  m_RootOrder: 0
--- !u!4 &4000012504592460
Transform:
  m_ObjectHideFlags: 1
  m_PrefabParentObject: {fileID: 0}
  m_PrefabInternal: {fileID: 100100000}
  m_GameObject: {fileID: 1000011792838322}
  m_LocalRotation: {x: -0.5, y: 0.5, z: 0.5000007, w: -0.49999928}
  m_LocalPosition: {x: 0.14939931, y: -0.06769704, z: 0.02431402}
  m_LocalScale: {x: 1, y: 1, z: 1}
  m_LocalEulerAnglesHint: {x: 0, y: 0, z: 0}
  m_Children: []
  m_Father: {fileID: 4000013925043394}
  m_RootOrder: 2
--- !u!4 &4000012577102000
Transform:
  m_ObjectHideFlags: 1
  m_PrefabParentObject: {fileID: 0}
  m_PrefabInternal: {fileID: 100100000}
  m_GameObject: {fileID: 1000011492115278}
  m_LocalRotation: {x: 0.0062363027, y: -0.0062364824, z: 0.74156195, w: -0.6708265}
  m_LocalPosition: {x: -0.08551739, y: -0.1100572, z: -0.00000073015724}
  m_LocalScale: {x: 1, y: 1, z: 1}
  m_LocalEulerAnglesHint: {x: 0, y: 0, z: 0}
  m_Children:
  - {fileID: 4000013133807796}
  m_Father: {fileID: 4000010211855492}
  m_RootOrder: 0
--- !u!4 &4000012613320676
Transform:
  m_ObjectHideFlags: 1
  m_PrefabParentObject: {fileID: 0}
  m_PrefabInternal: {fileID: 100100000}
  m_GameObject: {fileID: 1000010560901752}
  m_LocalRotation: {x: 0.1938353, y: 4.4878757e-17, z: 1.2351859e-17, w: 0.9810341}
  m_LocalPosition: {x: -0.009746457, y: -0.002438951, z: -0.006764462}
  m_LocalScale: {x: 1, y: 1, z: 1}
  m_LocalEulerAnglesHint: {x: 0, y: 0, z: 0}
  m_Children: []
  m_Father: {fileID: 4000010295493292}
  m_RootOrder: 0
--- !u!4 &4000012636298910
Transform:
  m_ObjectHideFlags: 1
  m_PrefabParentObject: {fileID: 0}
  m_PrefabInternal: {fileID: 100100000}
  m_GameObject: {fileID: 1000010399076564}
  m_LocalRotation: {x: 0, y: 0, z: 0, w: 1}
  m_LocalPosition: {x: -0.020055601, y: 0.0045873905, z: 0.007730915}
  m_LocalScale: {x: 1, y: 1, z: 1}
  m_LocalEulerAnglesHint: {x: 0, y: 0, z: 0}
  m_Children: []
  m_Father: {fileID: 4000013067766378}
  m_RootOrder: 0
--- !u!4 &4000012668599106
Transform:
  m_ObjectHideFlags: 1
  m_PrefabParentObject: {fileID: 0}
  m_PrefabInternal: {fileID: 100100000}
  m_GameObject: {fileID: 1000010646811642}
  m_LocalRotation: {x: -0.0000019669533, y: 0.00000059604645, z: 0.043222725, w: 0.9990655}
  m_LocalPosition: {x: -0.04498303, y: 0.000118128955, z: -0.00000002606248}
  m_LocalScale: {x: 1, y: 1, z: 1}
  m_LocalEulerAnglesHint: {x: 0, y: 0, z: 0}
  m_Children:
  - {fileID: 4000011635370994}
  - {fileID: 4000011266456972}
  - {fileID: 4000013253559748}
  m_Father: {fileID: 4000011891138064}
  m_RootOrder: 0
--- !u!4 &4000012725493482
Transform:
  m_ObjectHideFlags: 1
  m_PrefabParentObject: {fileID: 0}
  m_PrefabInternal: {fileID: 100100000}
  m_GameObject: {fileID: 1000014256041790}
  m_LocalRotation: {x: -0.14117658, y: -0.00088746793, z: 0.06604646, w: -0.9877785}
  m_LocalPosition: {x: -0.010218863, y: 0.014567153, z: 0.012677475}
  m_LocalScale: {x: 1, y: 1, z: 1}
  m_LocalEulerAnglesHint: {x: 0, y: 0, z: 0}
  m_Children:
  - {fileID: 4000012220413972}
  m_Father: {fileID: 4000010724776736}
  m_RootOrder: 0
--- !u!4 &4000012806276718
Transform:
  m_ObjectHideFlags: 1
  m_PrefabParentObject: {fileID: 0}
  m_PrefabInternal: {fileID: 100100000}
  m_GameObject: {fileID: 1000012613066888}
  m_LocalRotation: {x: 0.047688622, y: 0.24847077, z: 0.20586987, w: 0.9453072}
  m_LocalPosition: {x: 0.081806436, y: 0.009300359, z: -0.096346654}
  m_LocalScale: {x: 1, y: 1, z: 1}
  m_LocalEulerAnglesHint: {x: 0, y: 0, z: 0}
  m_Children:
  - {fileID: 4000011197318162}
  m_Father: {fileID: 4000012239083774}
  m_RootOrder: 0
--- !u!4 &4000012907707062
Transform:
  m_ObjectHideFlags: 1
  m_PrefabParentObject: {fileID: 0}
  m_PrefabInternal: {fileID: 100100000}
  m_GameObject: {fileID: 1000010863153110}
  m_LocalRotation: {x: -1.6724651e-16, y: 4.9321447e-33, z: -2.949027e-17, w: 1}
  m_LocalPosition: {x: 0.08174264, y: 0.000000049485, z: 0.00000019218783}
  m_LocalScale: {x: 1, y: 1, z: 1}
  m_LocalEulerAnglesHint: {x: 0, y: 0, z: 0}
  m_Children: []
  m_Father: {fileID: 4000011927626886}
  m_RootOrder: 0
--- !u!4 &4000012965132712
Transform:
  m_ObjectHideFlags: 1
  m_PrefabParentObject: {fileID: 0}
  m_PrefabInternal: {fileID: 100100000}
  m_GameObject: {fileID: 1000011644881044}
  m_LocalRotation: {x: 0.4587139, y: 0, z: -0, w: 0.888584}
  m_LocalPosition: {x: -0.017074374, y: 0.0010487483, z: -0.012320689}
  m_LocalScale: {x: 1, y: 1, z: 1}
  m_LocalEulerAnglesHint: {x: 0, y: 0, z: 0}
  m_Children: []
  m_Father: {fileID: 4000011504660648}
  m_RootOrder: 0
--- !u!4 &4000012973948570
Transform:
  m_ObjectHideFlags: 1
  m_PrefabParentObject: {fileID: 0}
  m_PrefabInternal: {fileID: 100100000}
  m_GameObject: {fileID: 1000013768546596}
  m_LocalRotation: {x: -0.5, y: 0.5, z: 0.5000007, w: -0.49999928}
  m_LocalPosition: {x: 0.14274777, y: -0.075114705, z: -0.014378637}
  m_LocalScale: {x: 1, y: 1, z: 1}
  m_LocalEulerAnglesHint: {x: 0, y: 0, z: 0}
  m_Children: []
  m_Father: {fileID: 4000013925043394}
  m_RootOrder: 1
--- !u!4 &4000013017244834
Transform:
  m_ObjectHideFlags: 1
  m_PrefabParentObject: {fileID: 0}
  m_PrefabInternal: {fileID: 100100000}
  m_GameObject: {fileID: 1000011055312690}
  m_LocalRotation: {x: -0.5000001, y: 0.49999994, z: 0.5000007, w: -0.49999928}
  m_LocalPosition: {x: -0.08176581, y: -0.058895066, z: -0.027851818}
  m_LocalScale: {x: 1, y: 1, z: 1}
  m_LocalEulerAnglesHint: {x: 0, y: 0, z: 0}
  m_Children: []
  m_Father: {fileID: 4000011933295508}
  m_RootOrder: 4
--- !u!4 &4000013067766378
Transform:
  m_ObjectHideFlags: 1
  m_PrefabParentObject: {fileID: 0}
  m_PrefabInternal: {fileID: 100100000}
  m_GameObject: {fileID: 1000010679410866}
  m_LocalRotation: {x: 0.032782387, y: 0.095342666, z: -0.08536494, w: 0.99123555}
  m_LocalPosition: {x: -0.012793983, y: 0.016905036, z: 0.011081521}
  m_LocalScale: {x: 1, y: 1, z: 1}
  m_LocalEulerAnglesHint: {x: 0, y: 0, z: 0}
  m_Children:
  - {fileID: 4000012636298910}
  m_Father: {fileID: 4000013369715204}
  m_RootOrder: 0
--- !u!4 &4000013097419994
Transform:
  m_ObjectHideFlags: 1
  m_PrefabParentObject: {fileID: 0}
  m_PrefabInternal: {fileID: 100100000}
  m_GameObject: {fileID: 1000013572181164}
  m_LocalRotation: {x: 0, y: 0, z: 0, w: 1}
  m_LocalPosition: {x: 0, y: 0, z: 0}
  m_LocalScale: {x: 1, y: 1, z: 1}
  m_LocalEulerAnglesHint: {x: 0, y: 0, z: 0}
  m_Children: []
  m_Father: {fileID: 4000010669789622}
  m_RootOrder: 0
--- !u!4 &4000013117459644
Transform:
  m_ObjectHideFlags: 1
  m_PrefabParentObject: {fileID: 0}
  m_PrefabInternal: {fileID: 100100000}
  m_GameObject: {fileID: 1000012311053760}
  m_LocalRotation: {x: -0.14212435, y: -0.0009224415, z: -0.06513132, w: 0.9877033}
  m_LocalPosition: {x: -0.0102190515, y: 0.014567416, z: -0.0126773855}
  m_LocalScale: {x: 1, y: 1, z: 1}
  m_LocalEulerAnglesHint: {x: 0, y: 0, z: 0}
  m_Children:
  - {fileID: 4000011710284152}
  m_Father: {fileID: 4000010262081698}
  m_RootOrder: 0
--- !u!4 &4000013133807796
Transform:
  m_ObjectHideFlags: 1
  m_PrefabParentObject: {fileID: 0}
  m_PrefabInternal: {fileID: 100100000}
  m_GameObject: {fileID: 1000010163702200}
  m_LocalRotation: {x: 1, y: -5.6351963e-23, z: 1.110223e-16, w: -0.00000068451953}
  m_LocalPosition: {x: 0.08174267, y: -0.000000009601407, z: -0.00000029316797}
  m_LocalScale: {x: 1, y: 1, z: 1}
  m_LocalEulerAnglesHint: {x: 0, y: 0, z: 0}
  m_Children: []
  m_Father: {fileID: 4000012577102000}
  m_RootOrder: 0
--- !u!4 &4000013142777364
Transform:
  m_ObjectHideFlags: 1
  m_PrefabParentObject: {fileID: 0}
  m_PrefabInternal: {fileID: 100100000}
  m_GameObject: {fileID: 1000011217860284}
  m_LocalRotation: {x: 0.09123085, y: 0.005949201, z: 0.122740716, w: 0.9882187}
  m_LocalPosition: {x: -0.0154026095, y: 0.007800659, z: 0.011749441}
  m_LocalScale: {x: 1, y: 1, z: 1}
  m_LocalEulerAnglesHint: {x: 0, y: 0, z: 0}
  m_Children:
  - {fileID: 4000013521181584}
  m_Father: {fileID: 4000013679073064}
  m_RootOrder: 0
--- !u!4 &4000013200436480
Transform:
  m_ObjectHideFlags: 1
  m_PrefabParentObject: {fileID: 0}
  m_PrefabInternal: {fileID: 100100000}
  m_GameObject: {fileID: 1000013124611500}
  m_LocalRotation: {x: -0.5, y: 0.5, z: 0.5000007, w: -0.49999928}
  m_LocalPosition: {x: -0.09988994, y: -0.08062434, z: -0.028973255}
  m_LocalScale: {x: 1, y: 1, z: 1}
  m_LocalEulerAnglesHint: {x: 0, y: 0, z: 0}
  m_Children: []
  m_Father: {fileID: 4000011933295508}
  m_RootOrder: 3
--- !u!4 &4000013253559748
Transform:
  m_ObjectHideFlags: 1
  m_PrefabParentObject: {fileID: 0}
  m_PrefabInternal: {fileID: 100100000}
  m_GameObject: {fileID: 1000012345002010}
  m_LocalRotation: {x: -0.008227675, y: -0.0010354279, z: 0.07284962, w: 0.9973085}
  m_LocalPosition: {x: -0.14667831, y: 0.025727082, z: -0.00000030733645}
  m_LocalScale: {x: 1, y: 1, z: 1}
  m_LocalEulerAnglesHint: {x: 0, y: 0, z: 0}
  m_Children:
  - {fileID: 4000011949292812}
  m_Father: {fileID: 4000012668599106}
  m_RootOrder: 2
--- !u!4 &4000013311144822
Transform:
  m_ObjectHideFlags: 1
  m_PrefabParentObject: {fileID: 0}
  m_PrefabInternal: {fileID: 100100000}
  m_GameObject: {fileID: 1000012298593486}
  m_LocalRotation: {x: 0.37079856, y: 0, z: -0, w: 0.9287133}
  m_LocalPosition: {x: -0.020049982, y: 0.003538114, z: -0.012281116}
  m_LocalScale: {x: 1, y: 1, z: 1}
  m_LocalEulerAnglesHint: {x: 0, y: 0, z: 0}
  m_Children: []
  m_Father: {fileID: 4000012177408698}
  m_RootOrder: 0
--- !u!4 &4000013315574426
Transform:
  m_ObjectHideFlags: 1
  m_PrefabParentObject: {fileID: 0}
  m_PrefabInternal: {fileID: 100100000}
  m_GameObject: {fileID: 1000012259011128}
  m_LocalRotation: {x: 0, y: 0, z: 0, w: 1}
  m_LocalPosition: {x: 0.057204966, y: 0.0049228696, z: -0.014469165}
  m_LocalScale: {x: 1, y: 1, z: 1}
  m_LocalEulerAnglesHint: {x: 0, y: 0, z: 0}
  m_Children: []
  m_Father: {fileID: 4000013765543810}
  m_RootOrder: 1
--- !u!4 &4000013336863242
Transform:
  m_ObjectHideFlags: 1
  m_PrefabParentObject: {fileID: 0}
  m_PrefabInternal: {fileID: 100100000}
  m_GameObject: {fileID: 1000013631317882}
  m_LocalRotation: {x: -0.5, y: 0.5, z: 0.5000007, w: -0.49999928}
  m_LocalPosition: {x: 0.14274773, y: -0.087347545, z: -0.00007465846}
  m_LocalScale: {x: 1, y: 1, z: 1}
  m_LocalEulerAnglesHint: {x: 0, y: 0, z: 0}
  m_Children: []
  m_Father: {fileID: 4000013925043394}
  m_RootOrder: 4
--- !u!4 &4000013345290414
Transform:
  m_ObjectHideFlags: 1
  m_PrefabParentObject: {fileID: 0}
  m_PrefabInternal: {fileID: 100100000}
  m_GameObject: {fileID: 1000010405698028}
  m_LocalRotation: {x: -0.18562903, y: 0.048002362, z: 0.2205457, w: -0.9563458}
  m_LocalPosition: {x: -0.0067501054, y: 0.09838349, z: 0.005122978}
  m_LocalScale: {x: 1, y: 1, z: 1}
  m_LocalEulerAnglesHint: {x: 0, y: 0, z: 0}
  m_Children:
  - {fileID: 4000011311560576}
  m_Father: {fileID: 4000014256115908}
  m_RootOrder: 2
--- !u!4 &4000013369715204
Transform:
  m_ObjectHideFlags: 1
  m_PrefabParentObject: {fileID: 0}
  m_PrefabInternal: {fileID: 100100000}
  m_GameObject: {fileID: 1000011356060070}
  m_LocalRotation: {x: 0.029657286, y: 0.018092811, z: -0.08396308, w: 0.99586314}
  m_LocalPosition: {x: 0.0002227571, y: 0.025879133, z: 0.010385311}
  m_LocalScale: {x: 1, y: 1, z: 1}
  m_LocalEulerAnglesHint: {x: 0, y: 0, z: 0}
  m_Children:
  - {fileID: 4000013067766378}
  m_Father: {fileID: 4000011084389960}
  m_RootOrder: 0
--- !u!4 &4000013400802592
Transform:
  m_ObjectHideFlags: 1
  m_PrefabParentObject: {fileID: 0}
  m_PrefabInternal: {fileID: 100100000}
  m_GameObject: {fileID: 1000012338325122}
  m_LocalRotation: {x: 0, y: 0, z: 0, w: 1}
  m_LocalPosition: {x: -0.020049915, y: 0.0035380095, z: 0.012281134}
  m_LocalScale: {x: 1, y: 1, z: 1}
  m_LocalEulerAnglesHint: {x: 0, y: 0, z: 0}
  m_Children: []
  m_Father: {fileID: 4000011848653474}
  m_RootOrder: 0
--- !u!4 &4000013412454524
Transform:
  m_ObjectHideFlags: 1
  m_PrefabParentObject: {fileID: 0}
  m_PrefabInternal: {fileID: 100100000}
  m_GameObject: {fileID: 1000010041969476}
  m_LocalRotation: {x: -0, y: -0, z: -0, w: 1}
  m_LocalPosition: {x: 0, y: 0, z: 0}
  m_LocalScale: {x: 1, y: 1, z: 1}
  m_LocalEulerAnglesHint: {x: 0, y: 0, z: 0}
  m_Children:
  - {fileID: 4000011891138064}
  m_Father: {fileID: 4000010669789622}
  m_RootOrder: 2
--- !u!4 &4000013446060922
Transform:
  m_ObjectHideFlags: 1
  m_PrefabParentObject: {fileID: 0}
  m_PrefabInternal: {fileID: 100100000}
  m_GameObject: {fileID: 1000011537025672}
  m_LocalRotation: {x: -0.009648985, y: 0.09563412, z: 0.16161379, w: -0.98216194}
  m_LocalPosition: {x: -0.012793958, y: 0.016904982, z: -0.011081452}
  m_LocalScale: {x: 1, y: 1, z: 1}
  m_LocalEulerAnglesHint: {x: 0, y: 0, z: 0}
  m_Children:
  - {fileID: 4000011794383474}
  m_Father: {fileID: 4000014002482222}
  m_RootOrder: 0
--- !u!4 &4000013521181584
Transform:
  m_ObjectHideFlags: 1
  m_PrefabParentObject: {fileID: 0}
  m_PrefabInternal: {fileID: 100100000}
  m_GameObject: {fileID: 1000011367601946}
  m_LocalRotation: {x: 0, y: 0, z: 0, w: 1}
  m_LocalPosition: {x: -0.01707594, y: 0.0025099975, z: 0.012105394}
  m_LocalScale: {x: 1, y: 1, z: 1}
  m_LocalEulerAnglesHint: {x: 0, y: 0, z: 0}
  m_Children: []
  m_Father: {fileID: 4000013142777364}
  m_RootOrder: 0
--- !u!4 &4000013627103904
Transform:
  m_ObjectHideFlags: 1
  m_PrefabParentObject: {fileID: 0}
  m_PrefabInternal: {fileID: 100100000}
  m_GameObject: {fileID: 1000014010892500}
  m_LocalRotation: {x: 0.6807876, y: -0.3081434, z: 0.018875351, w: -0.66424364}
  m_LocalPosition: {x: -0.004633705, y: 0.028035995, z: -0.048953176}
  m_LocalScale: {x: 1, y: 1, z: 1}
  m_LocalEulerAnglesHint: {x: 0, y: 0, z: 0}
  m_Children:
  - {fileID: 4000010724776736}
  m_Father: {fileID: 4000014256115908}
  m_RootOrder: 4
--- !u!4 &4000013679073064
Transform:
  m_ObjectHideFlags: 1
  m_PrefabParentObject: {fileID: 0}
  m_PrefabInternal: {fileID: 100100000}
  m_GameObject: {fileID: 1000012059286716}
  m_LocalRotation: {x: 0.008749747, y: 0.016240587, z: -0.09232617, w: 0.99555796}
  m_LocalPosition: {x: -0.009746831, y: 0.02216899, z: 0.013826556}
  m_LocalScale: {x: 1, y: 1, z: 1}
  m_LocalEulerAnglesHint: {x: 0, y: 0, z: 0}
  m_Children:
  - {fileID: 4000013142777364}
  m_Father: {fileID: 4000014151237114}
  m_RootOrder: 0
--- !u!4 &4000013694246900
Transform:
  m_ObjectHideFlags: 1
  m_PrefabParentObject: {fileID: 0}
  m_PrefabInternal: {fileID: 100100000}
  m_GameObject: {fileID: 1000013408660300}
  m_LocalRotation: {x: -0.09035405, y: 0.01841854, z: -0.13048403, w: -0.98715293}
  m_LocalPosition: {x: -0.35297847, y: -0.047479384, z: -0.03462202}
  m_LocalScale: {x: 1, y: 1, z: 1}
  m_LocalEulerAnglesHint: {x: 0, y: 0, z: 0}
  m_Children:
  - {fileID: 4000014198452510}
  m_Father: {fileID: 4000011266456972}
  m_RootOrder: 0
--- !u!4 &4000013695618954
Transform:
  m_ObjectHideFlags: 1
  m_PrefabParentObject: {fileID: 0}
  m_PrefabInternal: {fileID: 100100000}
  m_GameObject: {fileID: 1000012754540004}
  m_LocalRotation: {x: -0.5000001, y: 0.49999994, z: 0.5000007, w: -0.49999928}
  m_LocalPosition: {x: -0.08173966, y: -0.05880311, z: 0.027845085}
  m_LocalScale: {x: 1, y: 1, z: 1}
  m_LocalEulerAnglesHint: {x: 0, y: 0, z: 0}
  m_Children: []
  m_Father: {fileID: 4000011933295508}
  m_RootOrder: 7
--- !u!4 &4000013719220150
Transform:
  m_ObjectHideFlags: 1
  m_PrefabParentObject: {fileID: 0}
  m_PrefabInternal: {fileID: 100100000}
  m_GameObject: {fileID: 1000012249634780}
  m_LocalRotation: {x: -0.5, y: 0.5, z: 0.5000007, w: -0.49999928}
  m_LocalPosition: {x: -0.09989007, y: -0.08062444, z: 0.02868702}
  m_LocalScale: {x: 1, y: 1, z: 1}
  m_LocalEulerAnglesHint: {x: 0, y: 0, z: 0}
  m_Children: []
  m_Father: {fileID: 4000011933295508}
  m_RootOrder: 6
--- !u!4 &4000013765543810
Transform:
  m_ObjectHideFlags: 1
  m_PrefabParentObject: {fileID: 0}
  m_PrefabInternal: {fileID: 100100000}
  m_GameObject: {fileID: 1000011339696660}
  m_LocalRotation: {x: -0.4967374, y: 0.5032417, z: 0.5032422, w: -0.49673647}
  m_LocalPosition: {x: -0.032407437, y: -0.029785085, z: -0.0000000745058}
  m_LocalScale: {x: 1, y: 1, z: 1}
  m_LocalEulerAnglesHint: {x: 0, y: 0, z: 0}
  m_Children:
  - {fileID: 4000012118462244}
  - {fileID: 4000013315574426}
  - {fileID: 4000012055189670}
  m_Father: {fileID: 4000011933295508}
  m_RootOrder: 1
--- !u!4 &4000013866937880
Transform:
  m_ObjectHideFlags: 1
  m_PrefabParentObject: {fileID: 0}
  m_PrefabInternal: {fileID: 100100000}
  m_GameObject: {fileID: 1000011310465590}
  m_LocalRotation: {x: -0.012115786, y: -0.021339096, z: -0.05851041, w: 0.9979852}
  m_LocalPosition: {x: -0.0107503, y: 0.009622531, z: 0.009467707}
  m_LocalScale: {x: 1, y: 1, z: 1}
  m_LocalEulerAnglesHint: {x: 0, y: 0, z: 0}
  m_Children:
  - {fileID: 4000012062830536}
  m_Father: {fileID: 4000010073401360}
  m_RootOrder: 0
--- !u!4 &4000013919359752
Transform:
  m_ObjectHideFlags: 1
  m_PrefabParentObject: {fileID: 0}
  m_PrefabInternal: {fileID: 100100000}
  m_GameObject: {fileID: 1000013885602472}
  m_LocalRotation: {x: -0.00000005960463, y: -0.000000044703473, z: 0.13052636, w: -0.9914448}
  m_LocalPosition: {x: -0.1269787, y: 0.022245726, z: -0.00000025890768}
  m_LocalScale: {x: 1, y: 1, z: 1}
  m_LocalEulerAnglesHint: {x: 0, y: 0, z: 0}
  m_Children:
  - {fileID: 4000011933295508}
  - {fileID: 4000012239083774}
  - {fileID: 4000010897928654}
  m_Father: {fileID: 4000011949292812}
  m_RootOrder: 0
--- !u!4 &4000013925043394
Transform:
  m_ObjectHideFlags: 1
  m_PrefabParentObject: {fileID: 0}
  m_PrefabInternal: {fileID: 100100000}
  m_GameObject: {fileID: 1000011373867630}
  m_LocalRotation: {x: 1.0587912e-22, y: 4.646893e-23, z: -2.7755576e-17, w: 1}
  m_LocalPosition: {x: -0.17475267, y: 0.00000045072835, z: 0.00000009431633}
  m_LocalScale: {x: 1, y: 1, z: 1}
  m_LocalEulerAnglesHint: {x: 0, y: 0, z: 0}
  m_Children:
  - {fileID: 4000011799105656}
  - {fileID: 4000012973948570}
  - {fileID: 4000012504592460}
  - {fileID: 4000011041843542}
  - {fileID: 4000013336863242}
  m_Father: {fileID: 4000011933295508}
  m_RootOrder: 0
--- !u!4 &4000014002482222
Transform:
  m_ObjectHideFlags: 1
  m_PrefabParentObject: {fileID: 0}
  m_PrefabInternal: {fileID: 100100000}
  m_GameObject: {fileID: 1000011814196522}
  m_LocalRotation: {x: 0.0452524, y: 0.011523633, z: 0.05951848, w: -0.99713445}
  m_LocalPosition: {x: 0.0002228794, y: 0.025879215, z: -0.010385167}
  m_LocalScale: {x: 1, y: 1, z: 1}
  m_LocalEulerAnglesHint: {x: 0, y: 0, z: 0}
  m_Children:
  - {fileID: 4000013446060922}
  m_Father: {fileID: 4000011715838264}
  m_RootOrder: 0
--- !u!4 &4000014019223166
Transform:
  m_ObjectHideFlags: 1
  m_PrefabParentObject: {fileID: 0}
  m_PrefabInternal: {fileID: 100100000}
  m_GameObject: {fileID: 1000012826982398}
  m_LocalRotation: {x: 0.013690777, y: 0.011880961, z: 0.082163066, w: -0.99645406}
  m_LocalPosition: {x: -0.011261962, y: 0.02109008, z: -0.0143532315}
  m_LocalScale: {x: 1, y: 1, z: 1}
  m_LocalEulerAnglesHint: {x: 0, y: 0, z: 0}
  m_Children:
  - {fileID: 4000011504660648}
  m_Father: {fileID: 4000010184794148}
  m_RootOrder: 0
--- !u!4 &4000014033194628
Transform:
  m_ObjectHideFlags: 1
  m_PrefabParentObject: {fileID: 0}
  m_PrefabInternal: {fileID: 100100000}
  m_GameObject: {fileID: 1000010747243878}
  m_LocalRotation: {x: -0.67472893, y: 0.0552047, z: -0.17948173, w: 0.7137785}
  m_LocalPosition: {x: 0.07079976, y: 0.03550359, z: -0.14085457}
  m_LocalScale: {x: 1, y: 1, z: 1}
  m_LocalEulerAnglesHint: {x: 0, y: 0, z: 0}
  m_Children:
  - {fileID: 4000011084389960}
  - {fileID: 4000010950046570}
  - {fileID: 4000010073401360}
  - {fileID: 4000014151237114}
  - {fileID: 4000011864972254}
  m_Father: {fileID: 4000011197318162}
  m_RootOrder: 0
--- !u!4 &4000014151237114
Transform:
  m_ObjectHideFlags: 1
  m_PrefabParentObject: {fileID: 0}
  m_PrefabInternal: {fileID: 100100000}
  m_GameObject: {fileID: 1000013547810330}
  m_LocalRotation: {x: -0.08206913, y: -0.045822024, z: -0.11064509, w: 0.9894053}
  m_LocalPosition: {x: 0.011634799, y: 0.097086504, z: 0.008495516}
  m_LocalScale: {x: 1, y: 1, z: 1}
  m_LocalEulerAnglesHint: {x: 0, y: 0, z: 0}
  m_Children:
  - {fileID: 4000013679073064}
  m_Father: {fileID: 4000014033194628}
  m_RootOrder: 3
--- !u!4 &4000014198452510
Transform:
  m_ObjectHideFlags: 1
  m_PrefabParentObject: {fileID: 0}
  m_PrefabInternal: {fileID: 100100000}
  m_GameObject: {fileID: 1000011920525028}
  m_LocalRotation: {x: -0.18511969, y: 0.0417531, z: 0.10743486, w: -0.975933}
  m_LocalPosition: {x: -0.28277928, y: 0.17187877, z: -0.031040765}
  m_LocalScale: {x: 1, y: 1, z: 1}
  m_LocalEulerAnglesHint: {x: 0, y: 0, z: 0}
  m_Children:
  - {fileID: 4000011927626886}
  m_Father: {fileID: 4000013694246900}
  m_RootOrder: 0
--- !u!4 &4000014256115908
Transform:
  m_ObjectHideFlags: 1
  m_PrefabParentObject: {fileID: 0}
  m_PrefabInternal: {fileID: 100100000}
  m_GameObject: {fileID: 1000012746479774}
  m_LocalRotation: {x: 0.69993526, y: -0.042363085, z: -0.15974642, w: 0.69482166}
  m_LocalPosition: {x: 0.07080019, y: 0.035503183, z: 0.14085418}
  m_LocalScale: {x: 1, y: 1, z: 1}
  m_LocalEulerAnglesHint: {x: 0, y: 0, z: 0}
  m_Children:
  - {fileID: 4000011715838264}
  - {fileID: 4000011042467426}
  - {fileID: 4000013345290414}
  - {fileID: 4000010184794148}
  - {fileID: 4000013627103904}
  m_Father: {fileID: 4000011810825514}
  m_RootOrder: 0
--- !u!54 &54000011302994724
Rigidbody:
  m_ObjectHideFlags: 1
  m_PrefabParentObject: {fileID: 0}
  m_PrefabInternal: {fileID: 100100000}
  m_GameObject: {fileID: 1000011588737300}
  serializedVersion: 2
  m_Mass: 1
  m_Drag: 0
  m_AngularDrag: 0.05
  m_UseGravity: 1
  m_IsKinematic: 0
  m_Interpolate: 0
  m_Constraints: 0
  m_CollisionDetection: 0
--- !u!95 &95000013354108702
Animator:
  serializedVersion: 3
  m_ObjectHideFlags: 1
  m_PrefabParentObject: {fileID: 0}
  m_PrefabInternal: {fileID: 100100000}
  m_GameObject: {fileID: 1000011588737300}
  m_Enabled: 1
  m_Avatar: {fileID: 9000000, guid: b235179bd2a63d1468dd430670338c55, type: 3}
  m_Controller: {fileID: 9100000, guid: e2cf68ff4b1ffda45a77f7307dd789b9, type: 2}
  m_CullingMode: 1
  m_UpdateMode: 0
  m_ApplyRootMotion: 1
  m_LinearVelocityBlending: 0
  m_WarningMessage: 
  m_HasTransformHierarchy: 1
  m_AllowConstantClipSamplingOptimization: 1
--- !u!108 &108000011302163668
Light:
  m_ObjectHideFlags: 1
  m_PrefabParentObject: {fileID: 0}
  m_PrefabInternal: {fileID: 100100000}
  m_GameObject: {fileID: 1000012455214574}
  m_Enabled: 1
  serializedVersion: 7
  m_Type: 2
  m_Color: {r: 1, g: 1, b: 1, a: 1}
  m_Intensity: 1
  m_Range: 10
  m_SpotAngle: 30
  m_CookieSize: 10
  m_Shadows:
    m_Type: 0
    m_Resolution: -1
    m_CustomResolution: -1
    m_Strength: 1
    m_Bias: 0.05
    m_NormalBias: 0.4
    m_NearPlane: 0.2
  m_Cookie: {fileID: 0}
  m_DrawHalo: 0
  m_Flare: {fileID: 0}
  m_RenderMode: 1
  m_CullingMask:
    serializedVersion: 2
    m_Bits: 4
  m_Lightmapping: 4
  m_AreaSize: {x: 1, y: 1}
  m_BounceIntensity: 1
  m_ShadowRadius: 0
  m_ShadowAngle: 0
--- !u!108 &108000012546467544
Light:
  m_ObjectHideFlags: 1
  m_PrefabParentObject: {fileID: 0}
  m_PrefabInternal: {fileID: 100100000}
  m_GameObject: {fileID: 1000011186821218}
  m_Enabled: 1
  serializedVersion: 7
  m_Type: 2
  m_Color: {r: 1, g: 1, b: 1, a: 1}
  m_Intensity: 1
  m_Range: 10
  m_SpotAngle: 30
  m_CookieSize: 10
  m_Shadows:
    m_Type: 0
    m_Resolution: -1
    m_CustomResolution: -1
    m_Strength: 1
    m_Bias: 0.05
    m_NormalBias: 0.4
    m_NearPlane: 0.2
  m_Cookie: {fileID: 0}
  m_DrawHalo: 0
  m_Flare: {fileID: 0}
  m_RenderMode: 1
  m_CullingMask:
    serializedVersion: 2
    m_Bits: 4
  m_Lightmapping: 4
  m_AreaSize: {x: 1, y: 1}
  m_BounceIntensity: 1
  m_ShadowRadius: 0
  m_ShadowAngle: 0
--- !u!114 &114000012651644246
MonoBehaviour:
  m_ObjectHideFlags: 1
  m_PrefabParentObject: {fileID: 0}
  m_PrefabInternal: {fileID: 100100000}
  m_GameObject: {fileID: 1000011588737300}
  m_Enabled: 1
  m_EditorHideFlags: 0
  m_Script: {fileID: 11500000, guid: ce7a80d520cacc042b5fe14f373d8173, type: 3}
  m_Name: 
  m_EditorClassIdentifier: 
  m_MovingTurnSpeed: 360
  m_StationaryTurnSpeed: 180
  m_JumpPower: 6
  m_GravityMultiplier: 2
  m_RunCycleLegOffset: 0.2
  m_MoveSpeedMultiplier: 1
  m_AnimSpeedMultiplier: 1
  m_GroundCheckDistance: 0.3
--- !u!114 &114000013984627732
MonoBehaviour:
  m_ObjectHideFlags: 1
  m_PrefabParentObject: {fileID: 0}
  m_PrefabInternal: {fileID: 100100000}
  m_GameObject: {fileID: 1000011588737300}
  m_Enabled: 1
  m_EditorHideFlags: 0
  m_Script: {fileID: 11500000, guid: 8c3ec353bf8b57040a5c1ce1c031af8e, type: 3}
  m_Name: 
  m_EditorClassIdentifier: 
  keys: []
  Speed: 1
  currentDoor: {fileID: 0}
  spawnSound: {fileID: 8300000, guid: 1368c128e386dde4bb2e316c4af25b93, type: 3}
  stepSound: {fileID: 8300000, guid: 42e65e088b3f4374e851b8dbd38f3df9, type: 3}
  sfxCurse: {fileID: 8300000, guid: 91e23b6c9a0c07740a63fda84bbc2cda, type: 3}
  sfxCurseOff: {fileID: 8300000, guid: 170d86850e40e4048af1ef1b7d408f80, type: 3}
  curseOffParticles: {fileID: 100014, guid: 272e3df4441a1114eb656587874c9115, type: 2}
  curseParticles: {fileID: 100004, guid: dcd9cd85101f2df48b9f94d6a44227fb, type: 2}
  spawnParticles: {fileID: 100000, guid: fce98637b5fb2b44da5b6c5216df24f6, type: 2}
--- !u!136 &136000010355887214
CapsuleCollider:
  m_ObjectHideFlags: 1
  m_PrefabParentObject: {fileID: 0}
  m_PrefabInternal: {fileID: 100100000}
  m_GameObject: {fileID: 1000011588737300}
  m_Material: {fileID: 13400000, guid: c2815a7ab32e42c4bb42f59caacb8ec1, type: 2}
  m_IsTrigger: 0
  m_Enabled: 1
  m_Radius: 0.3
  m_Height: 1.6
  m_Direction: 1
  m_Center: {x: 0, y: 0.8, z: 0}
--- !u!137 &137000010570330742
SkinnedMeshRenderer:
  m_ObjectHideFlags: 1
  m_PrefabParentObject: {fileID: 0}
  m_PrefabInternal: {fileID: 100100000}
  m_GameObject: {fileID: 1000013572181164}
  m_Enabled: 1
  m_CastShadows: 1
  m_ReceiveShadows: 1
  m_MotionVectors: 1
  m_LightProbeUsage: 1
  m_ReflectionProbeUsage: 1
  m_Materials:
  - {fileID: 2100000, guid: 621e901dcf5ebaf46bce29d18f67194c, type: 2}
  m_SubsetIndices: 
  m_StaticBatchRoot: {fileID: 0}
  m_ProbeAnchor: {fileID: 0}
  m_LightProbeVolumeOverride: {fileID: 0}
  m_ScaleInLightmap: 1
  m_PreserveUVs: 0
  m_IgnoreNormalsForChartDetection: 0
  m_ImportantGI: 0
  m_SelectedWireframeHidden: 0
  m_MinimumChartSize: 4
  m_AutoUVMaxDistance: 0.5
  m_AutoUVMaxAngle: 89
  m_LightmapParameters: {fileID: 0}
  m_SortingLayerID: 0
  m_SortingOrder: 0
  serializedVersion: 2
  m_Quality: 0
  m_UpdateWhenOffscreen: 0
  m_SkinnedMotionVectors: 1
  m_Mesh: {fileID: 4300006, guid: b235179bd2a63d1468dd430670338c55, type: 3}
  m_Bones:
  - {fileID: 4000011891138064}
  - {fileID: 4000012668599106}
  - {fileID: 4000013253559748}
  - {fileID: 4000011949292812}
  - {fileID: 4000013919359752}
  - {fileID: 4000012239083774}
  - {fileID: 4000012806276718}
  - {fileID: 4000011197318162}
  - {fileID: 4000014033194628}
  - {fileID: 4000011864972254}
  - {fileID: 4000010262081698}
  - {fileID: 4000013117459644}
  - {fileID: 4000011710284152}
  - {fileID: 4000011084389960}
  - {fileID: 4000013369715204}
  - {fileID: 4000013067766378}
  - {fileID: 4000010950046570}
  - {fileID: 4000012361362520}
  - {fileID: 4000011848653474}
  - {fileID: 4000014151237114}
  - {fileID: 4000013679073064}
  - {fileID: 4000013142777364}
  - {fileID: 4000010073401360}
  - {fileID: 4000013866937880}
  - {fileID: 4000012062830536}
  - {fileID: 4000011493028318}
  - {fileID: 4000010897928654}
  - {fileID: 4000012412165092}
  - {fileID: 4000011810825514}
  - {fileID: 4000014256115908}
  - {fileID: 4000013627103904}
  - {fileID: 4000010724776736}
  - {fileID: 4000012725493482}
  - {fileID: 4000012220413972}
  - {fileID: 4000011715838264}
  - {fileID: 4000014002482222}
  - {fileID: 4000013446060922}
  - {fileID: 4000011042467426}
  - {fileID: 4000010328137122}
  - {fileID: 4000012177408698}
  - {fileID: 4000010184794148}
  - {fileID: 4000014019223166}
  - {fileID: 4000011504660648}
  - {fileID: 4000013345290414}
  - {fileID: 4000011311560576}
  - {fileID: 4000010295493292}
  - {fileID: 4000012613320676}
  - {fileID: 4000011933295508}
  - {fileID: 4000013925043394}
  - {fileID: 4000013336863242}
  - {fileID: 4000011041843542}
  - {fileID: 4000012973948570}
  - {fileID: 4000012504592460}
  - {fileID: 4000011799105656}
  - {fileID: 4000013765543810}
  - {fileID: 4000012118462244}
  - {fileID: 4000010220923992}
  - {fileID: 4000012417922032}
  - {fileID: 4000013017244834}
  - {fileID: 4000013695618954}
  - {fileID: 4000011635370994}
  - {fileID: 4000012263354814}
  - {fileID: 4000010211855492}
  - {fileID: 4000012577102000}
  - {fileID: 4000013133807796}
  - {fileID: 4000011266456972}
  - {fileID: 4000013694246900}
  - {fileID: 4000014198452510}
  - {fileID: 4000011927626886}
  - {fileID: 4000012907707062}
  m_BlendShapeWeights: []
  m_RootBone: {fileID: 4000011891138064}
  m_AABB:
    m_Center: {x: 0.0009998977, y: 0.007603839, z: 0.00028842688}
    m_Extent: {x: 0.80239844, y: 0.23826995, z: 0.5723474}
  m_DirtyAABB: 0
--- !u!137 &137000012744551658
SkinnedMeshRenderer:
  m_ObjectHideFlags: 1
  m_PrefabParentObject: {fileID: 0}
  m_PrefabInternal: {fileID: 100100000}
  m_GameObject: {fileID: 1000012328352018}
  m_Enabled: 1
  m_CastShadows: 1
  m_ReceiveShadows: 1
  m_MotionVectors: 1
  m_LightProbeUsage: 1
  m_ReflectionProbeUsage: 1
  m_Materials:
  - {fileID: 2100000, guid: 621e901dcf5ebaf46bce29d18f67194c, type: 2}
  m_SubsetIndices: 
  m_StaticBatchRoot: {fileID: 0}
  m_ProbeAnchor: {fileID: 0}
  m_LightProbeVolumeOverride: {fileID: 0}
  m_ScaleInLightmap: 1
  m_PreserveUVs: 0
  m_IgnoreNormalsForChartDetection: 0
  m_ImportantGI: 0
  m_SelectedWireframeHidden: 0
  m_MinimumChartSize: 4
  m_AutoUVMaxDistance: 0.5
  m_AutoUVMaxAngle: 89
  m_LightmapParameters: {fileID: 0}
  m_SortingLayerID: 0
  m_SortingOrder: 0
  serializedVersion: 2
  m_Quality: 0
  m_UpdateWhenOffscreen: 0
  m_SkinnedMotionVectors: 1
  m_Mesh: {fileID: 4300004, guid: b235179bd2a63d1468dd430670338c55, type: 3}
  m_Bones:
  - {fileID: 4000011933295508}
  - {fileID: 4000013925043394}
  - {fileID: 4000013336863242}
  - {fileID: 4000011041843542}
  - {fileID: 4000012973948570}
  - {fileID: 4000013765543810}
  - {fileID: 4000010220923992}
  - {fileID: 4000013200436480}
  - {fileID: 4000012417922032}
  - {fileID: 4000013719220150}
  - {fileID: 4000013017244834}
  - {fileID: 4000013695618954}
  m_BlendShapeWeights: []
  m_RootBone: {fileID: 4000011933295508}
  m_AABB:
    m_Center: {x: -0.081615, y: -0.040415905, z: 0.00029075146}
    m_Extent: {x: 0.037738636, y: 0.060759716, z: 0.07119451}
  m_DirtyAABB: 0
